[{"timestamp": 1757061024261, "bids": [[112742.0, 0.66365], [112741.99, 0.0001], [112741.35, 0.0001]], "asks": [[112742.01, 20.74928], [112742.02, 0.01149], [112742.21, 0.0001]]}, {"timestamp": 1757061024523, "bids": [[112738.4, 0.00125], [112738.39, 0.0005], [112738.21, 0.0001]], "asks": [[112738.41, 21.20906], [112738.42, 9.95096], [112738.86, 0.12007]]}, {"timestamp": 1757061024776, "bids": [[112732.08, 1.05154], [112732.07, 0.0005], [112732.03, 5e-05]], "asks": [[112732.09, 16.12558], [112732.32, 5e-05], [112732.98, 0.0001]]}, {"timestamp": 1757061026882, "bids": [[112729.44, 0.9767], [112729.43, 0.0005], [112729.04, 0.00117]], "asks": [[112729.45, 13.43465], [112729.46, 0.0563], [112729.99, 0.00026]]}, {"timestamp": 1757061034569, "bids": [[112729.44, 1.11558], [112729.43, 0.00065], [112729.04, 0.00127]], "asks": [[112729.45, 12.44136], [112729.46, 0.00065], [112729.49, 0.0001]]}, {"timestamp": 1757061065553, "bids": [[112743.99, 13.38406], [112743.64, 0.01807], [112743.18, 0.06903]], "asks": [[112744.0, 1.29233], [112744.01, 0.0005], [112744.54, 5e-05]]}, {"timestamp": 1757061065815, "bids": [[112750.78, 7.19205], [112750.4, 5e-05], [112750.01, 0.0001]], "asks": [[112750.79, 5.44043], [112750.8, 0.0006], [112750.84, 0.0001]]}, {"timestamp": 1757061125122, "bids": [[112741.33, 0.40325], [112741.22, 0.00635], [112741.14, 0.0001]], "asks": [[112741.34, 17.58205], [112741.35, 0.53222], [112741.71, 0.53932]]}, {"timestamp": 1757061125371, "bids": [[112730.55, 1.33015], [112730.54, 0.0004], [112730.28, 5e-05]], "asks": [[112730.56, 18.6507], [112731.41, 0.0001], [112731.42, 8e-05]]}, {"timestamp": 1757061129994, "bids": [[112729.44, 0.08291], [112729.43, 0.0006], [112729.04, 0.00117]], "asks": [[112729.45, 18.05067], [112729.46, 0.0005], [112730.0, 0.0174]]}, {"timestamp": 1757061148515, "bids": [[112718.46, 0.69654], [112718.45, 0.00045], [112718.17, 5e-05]], "asks": [[112718.47, 15.05732], [112718.57, 0.5997], [112718.6, 0.04]]}, {"timestamp": 1757061148780, "bids": [[112718.46, 0.68802], [112718.45, 0.00055], [112716.84, 5e-05]], "asks": [[112718.47, 16.23307], [112718.6, 0.0401], [112719.98, 8e-05]]}, {"timestamp": 1757061149044, "bids": [[112715.0, 0.77837], [112714.99, 0.0004], [112711.3, 5e-05]], "asks": [[112715.01, 17.25002], [112715.02, 1.26407], [112715.4, 5e-05]]}, {"timestamp": 1757061152111, "bids": [[112715.0, 2.30191], [112714.99, 0.0006], [112714.51, 0.0001]], "asks": [[112715.01, 16.51445], [112715.02, 0.86267], [112715.3, 8e-05]]}, {"timestamp": 1757061152366, "bids": [[112715.0, 5.51643], [112714.99, 0.00055], [112714.52, 0.0001]], "asks": [[112715.01, 13.30973], [112715.02, 0.86272], [112715.27, 0.00013]]}, {"timestamp": 1757061153410, "bids": [[112715.0, 4.29584], [112714.99, 0.00055], [112714.52, 0.0001]], "asks": [[112715.01, 14.21804], [112715.02, 0.86277], [112715.27, 0.00016]]}, {"timestamp": 1757061171648, "bids": [[112718.46, 10.27617], [112718.0, 0.0174], [112717.73, 1.61426]], "asks": [[112718.47, 0.70549], [112718.48, 0.0006], [112718.6, 0.0001]]}, {"timestamp": 1757061171916, "bids": [[112721.34, 10.51833], [112721.04, 5e-05], [112720.64, 0.0001]], "asks": [[112721.35, 0.99421], [112721.36, 0.0006], [112721.38, 0.0001]]}, {"timestamp": 1757061172168, "bids": [[112728.22, 8.96938], [112728.08, 0.0001], [112728.0, 0.01755]], "asks": [[112728.23, 1.44523], [112728.24, 0.0005], [112728.92, 0.0001]]}, {"timestamp": 1757061172430, "bids": [[112728.22, 10.99861], [112728.21, 0.00015], [112728.01, 0.0001]], "asks": [[112728.23, 0.9178], [112728.24, 0.0006], [112728.91, 0.0001]]}, {"timestamp": 1757061173503, "bids": [[112729.44, 12.06373], [112728.89, 4.47483], [112728.88, 0.754]], "asks": [[112729.45, 0.15674], [112729.46, 0.01612], [112730.13, 0.0001]]}, {"timestamp": 1757061173753, "bids": [[112739.18, 12.05416], [112738.63, 0.0001], [112738.06, 0.0001]], "asks": [[112739.19, 0.21282], [112739.2, 0.0006], [112739.78, 0.0001]]}, {"timestamp": 1757061174536, "bids": [[112739.18, 9.6359], [112738.77, 0.01], [112738.63, 0.0001]], "asks": [[112739.19, 4.74636], [112739.2, 0.00045], [112739.73, 8e-05]]}, {"timestamp": 1757061174784, "bids": [[112739.18, 6.12643], [112738.63, 0.0001], [112738.05, 5e-05]], "asks": [[112739.19, 6.17738], [112739.2, 0.0007], [112739.33, 0.0001]]}, {"timestamp": 1757061181653, "bids": [[112739.18, 10.21178], [112739.11, 5e-05], [112738.63, 0.0001]], "asks": [[112739.19, 0.03512], [112739.2, 0.00045], [112739.74, 0.0001]]}, {"timestamp": 1757061182248, "bids": [[112751.27, 6.79777], [112751.26, 0.00689], [112750.92, 0.0002]], "asks": [[112751.28, 3.26654], [112751.29, 0.0004], [112751.83, 0.0001]]}, {"timestamp": 1757061182511, "bids": [[112751.27, 7.62996], [112750.92, 5e-05], [112750.89, 0.0001]], "asks": [[112751.28, 1.1175], [112751.29, 0.0005], [112751.38, 0.03895]]}, {"timestamp": 1757061182775, "bids": [[112751.27, 7.77028], [112750.85, 0.0001], [112750.84, 0.29283]], "asks": [[112751.28, 1.46294], [112751.29, 0.0006], [112751.37, 0.0001]]}, {"timestamp": 1757061184613, "bids": [[112751.27, 9.52822], [112751.19, 0.0102], [112750.85, 0.0001]], "asks": [[112751.28, 0.13776], [112751.29, 0.0006], [112751.3, 0.04433]]}, {"timestamp": 1757061191730, "bids": [[112751.27, 9.78162], [112751.21, 0.06382], [112751.19, 0.0102]], "asks": [[112751.28, 2.11058], [112751.29, 0.0006], [112751.3, 0.04448]]}, {"timestamp": 1757061194032, "bids": [[112759.98, 9.13593], [112759.65, 0.0001], [112759.64, 0.07049]], "asks": [[112759.99, 1.91457], [112760.0, 0.02725], [112760.44, 0.0001]]}, {"timestamp": 1757061196098, "bids": [[112772.03, 9.76751], [112772.01, 0.0001], [112772.0, 0.01775]], "asks": [[112772.04, 1.0596], [112772.05, 0.0005], [112772.14, 0.00018]]}, {"timestamp": 1757061220364, "bids": [[112772.04, 13.28267], [112772.03, 2.79121], [112772.0, 0.0177]], "asks": [[112772.05, 0.04614], [112772.06, 0.0006], [112772.24, 5e-05]]}, {"timestamp": 1757061220621, "bids": [[112776.99, 10.69085], [112776.64, 0.0001], [112776.01, 0.0001]], "asks": [[112777.0, 1.56608], [112777.01, 0.00055], [112777.4, 0.0001]]}, {"timestamp": 1757061220880, "bids": [[112784.52, 13.13244], [112784.27, 0.0001], [112784.01, 0.0001]], "asks": [[112784.53, 2.19003], [112784.54, 0.0005], [112784.55, 5e-05]]}, {"timestamp": 1757061281827, "bids": [[112784.52, 2.30586], [112784.51, 0.03291], [112784.5, 0.03215]], "asks": [[112784.53, 10.74754], [112784.55, 0.0202], [112784.6, 0.0201]]}, {"timestamp": 1757061283874, "bids": [[112776.0, 0.65788], [112775.99, 0.0006], [112775.65, 0.0001]], "asks": [[112776.01, 20.08607], [112776.02, 0.1053], [112776.1, 1.06021]]}, {"timestamp": 1757061284641, "bids": [[112772.04, 0.88409], [112772.03, 0.00338], [112771.64, 0.0001]], "asks": [[112772.05, 18.42183], [112772.06, 0.05627], [112772.25, 0.10005]]}, {"timestamp": 1757061290126, "bids": [[112761.94, 0.75712], [112761.93, 0.00065], [112761.6, 5e-05]], "asks": [[112761.95, 16.58289], [112761.96, 0.0004], [112762.0, 0.0175]]}, {"timestamp": 1757061290378, "bids": [[112758.33, 0.0011], [112758.32, 0.0005], [112757.83, 0.0001]], "asks": [[112758.34, 13.46571], [112758.4, 0.01967], [112758.41, 0.0071]]}, {"timestamp": 1757061291159, "bids": [[112751.97, 0.69462], [112751.96, 0.00065], [112751.32, 0.0001]], "asks": [[112751.98, 21.91889], [112752.0, 0.01745], [112752.71, 0.00016]]}, {"timestamp": 1757061291679, "bids": [[112750.78, 0.0919], [112750.77, 0.00055], [112750.4, 5e-05]], "asks": [[112750.79, 20.05086], [112750.8, 0.89833], [112750.85, 0.45052]]}, {"timestamp": 1757061300332, "bids": [[112743.33, 0.00703], [112743.32, 0.0005], [112743.17, 0.0001]], "asks": [[112743.34, 18.4833], [112743.6, 5e-05], [112743.93, 0.01]]}, {"timestamp": 1757061300600, "bids": [[112737.44, 0.07009], [112737.43, 0.00065], [112736.69, 0.0001]], "asks": [[112737.45, 13.70237], [112737.46, 0.87864], [112737.58, 0.0071]]}, {"timestamp": 1757061300864, "bids": [[112734.19, 0.89056], [112734.18, 0.0007], [112734.11, 0.0073]], "asks": [[112734.2, 17.01467], [112735.08, 8e-05], [112735.09, 0.0001]]}, {"timestamp": 1757061301125, "bids": [[112734.19, 0.85598], [112734.18, 0.00055], [112734.11, 5e-05]], "asks": [[112734.2, 17.11218], [112734.21, 0.00887], [112735.07, 8e-05]]}, {"timestamp": 1757061301381, "bids": [[112734.19, 0.90166], [112734.18, 0.00065], [112733.6, 5e-05]], "asks": [[112734.2, 18.34519], [112735.05, 8e-05], [112735.06, 8e-05]]}, {"timestamp": 1757061305766, "bids": [[112737.99, 13.53162], [112737.96, 5e-05], [112737.46, 2.9897]], "asks": [[112738.0, 0.10845], [112738.01, 0.0006], [112739.2, 5e-05]]}, {"timestamp": 1757061307843, "bids": [[112743.93, 11.81963], [112743.6, 5e-05], [112743.18, 0.0001]], "asks": [[112743.94, 0.36105], [112743.95, 0.0006], [112744.75, 0.0001]]}, {"timestamp": 1757061311531, "bids": [[112743.93, 9.44748], [112743.92, 0.06267], [112743.6, 5e-05]], "asks": [[112743.94, 0.0029], [112743.95, 0.0007], [112744.0, 5e-05]]}, {"timestamp": 1757061312338, "bids": [[112750.78, 9.86201], [112750.64, 0.01], [112750.4, 5e-05]], "asks": [[112750.79, 1.15258], [112750.8, 0.0005], [112751.12, 0.003]]}, {"timestamp": 1757061312592, "bids": [[112756.19, 6.65348], [112756.1, 0.0001], [112756.09, 0.0001]], "asks": [[112756.2, 1.24401], [112756.21, 0.0005], [112756.32, 0.0001]]}, {"timestamp": 1757061319593, "bids": [[112758.82, 11.67293], [112758.81, 0.0001], [112758.27, 0.0001]], "asks": [[112758.83, 0.88933], [112758.84, 0.0006], [112759.47, 0.0001]]}, {"timestamp": 1757061320124, "bids": [[112758.82, 11.80876], [112758.81, 0.00025], [112758.48, 0.0001]], "asks": [[112758.83, 0.91068], [112758.84, 0.00045], [112759.46, 0.00016]]}, {"timestamp": 1757061322176, "bids": [[112767.68, 4.68669], [112767.67, 0.00045], [112767.2, 5e-05]], "asks": [[112767.69, 6.21095], [112767.7, 0.0002], [112767.79, 0.03926]]}, {"timestamp": 1757061329241, "bids": [[112777.65, 7.3162], [112777.25, 0.0001], [112776.45, 0.01806]], "asks": [[112777.66, 2.10403], [112777.67, 0.0002], [112777.78, 5e-05]]}, {"timestamp": 1757061330032, "bids": [[112777.65, 7.16029], [112777.25, 0.0001], [112776.45, 5e-05]], "asks": [[112777.66, 5.36611], [112777.67, 0.0002], [112777.77, 8e-05]]}, {"timestamp": 1757061335683, "bids": [[112761.45, 0.11697], [112761.44, 0.0007], [112761.16, 5e-05]], "asks": [[112761.46, 18.56621], [112761.47, 0.45097], [112761.6, 5e-05]]}, {"timestamp": 1757061336189, "bids": [[112750.12, 0.67866], [112750.11, 0.0005], [112750.08, 0.0001]], "asks": [[112750.13, 17.54636], [112750.22, 0.05016], [112750.4, 5e-05]]}, {"timestamp": 1757061338491, "bids": [[112750.12, 1.15867], [112750.08, 5e-05], [112749.52, 0.0001]], "asks": [[112750.13, 16.21523], [112750.14, 0.0005], [112750.21, 8e-05]]}, {"timestamp": 1757061339773, "bids": [[112745.13, 0.09426], [112745.12, 0.0005], [112744.8, 5e-05]], "asks": [[112745.14, 17.83813], [112745.15, 5e-05], [112745.53, 0.00016]]}, {"timestamp": 1757061340274, "bids": [[112741.2, 0.81966], [112741.19, 0.00065], [112740.7, 5e-05]], "asks": [[112741.21, 20.44051], [112741.22, 0.39278], [112741.58, 0.53219]]}, {"timestamp": 1757061340524, "bids": [[112737.44, 0.02325], [112737.43, 0.0006], [112737.01, 0.0001]], "asks": [[112737.45, 20.66702], [112738.0, 0.0174], [112738.31, 0.0001]]}, {"timestamp": 1757061340774, "bids": [[112737.0, 1.00896], [112736.99, 0.00045], [112736.4, 5e-05]], "asks": [[112737.01, 17.38391], [112737.42, 2.2183], [112737.45, 1.91355]]}, {"timestamp": 1757061341290, "bids": [[112733.87, 0.67344], [112733.86, 0.00065], [112733.6, 5e-05]], "asks": [[112733.88, 21.19331], [112733.89, 0.1001], [112734.0, 0.01745]]}, {"timestamp": 1757061341545, "bids": [[112730.0, 1.07619], [112729.99, 0.0005], [112729.84, 0.0002]], "asks": [[112730.01, 12.21772], [112730.03, 0.04], [112730.98, 0.35476]]}, {"timestamp": 1757061349328, "bids": [[112718.46, 1.92924], [112718.45, 0.0005], [112718.4, 0.01]], "asks": [[112718.47, 17.81344], [112718.54, 0.04], [112718.69, 0.06934]]}, {"timestamp": 1757061357281, "bids": [[112716.67, 0.73738], [112716.66, 0.0006], [112716.17, 5e-05]], "asks": [[112716.68, 17.65379], [112716.69, 0.00035], [112716.77, 2.28924]]}, {"timestamp": 1757061366744, "bids": [[112697.39, 1.99518], [112697.38, 0.00045], [112697.24, 0.00105]], "asks": [[112697.4, 18.62101], [112697.41, 0.48942], [112697.75, 0.06935]]}, {"timestamp": 1757061366997, "bids": [[112697.39, 1.20358], [112697.38, 0.0006], [112697.24, 0.00115]], "asks": [[112697.4, 18.64158], [112697.41, 0.48947], [112697.74, 0.00016]]}, {"timestamp": 1757061383465, "bids": [[112715.21, 8.90485], [112714.06, 0.06935], [112714.0, 0.0174]], "asks": [[112715.22, 4.01612], [112715.23, 0.0005], [112715.57, 0.0191]]}, {"timestamp": 1757061383720, "bids": [[112715.21, 9.51018], [112714.31, 0.04002], [112714.07, 0.0001]], "asks": [[112715.22, 4.52492], [112715.23, 0.00055], [112715.56, 0.00016]]}, {"timestamp": 1757061393276, "bids": [[112710.0, 0.78763], [112709.99, 0.0004], [112709.14, 0.0001]], "asks": [[112710.01, 14.56798], [112710.02, 0.0005], [112710.88, 0.0001]]}, {"timestamp": 1757061393528, "bids": [[112710.0, 0.72514], [112709.99, 0.00055], [112706.81, 5e-05]], "asks": [[112710.01, 14.67168], [112710.02, 0.00055], [112710.8, 8e-05]]}, {"timestamp": 1757061393783, "bids": [[112710.0, 0.77598], [112709.99, 0.0005], [112706.59, 0.0001]], "asks": [[112710.01, 14.67173], [112710.02, 0.0006], [112710.78, 8e-05]]}, {"timestamp": 1757061401711, "bids": [[112706.01, 0.75002], [112706.0, 0.0002], [112705.6, 5e-05]], "asks": [[112706.02, 15.81351], [112706.03, 0.0007], [112706.1, 0.9096]]}, {"timestamp": 1757061402477, "bids": [[112706.01, 4.54237], [112706.0, 0.018], [112705.96, 0.0102]], "asks": [[112706.02, 3.54861], [112706.03, 0.0005], [112706.04, 0.0001]]}, {"timestamp": 1757061406057, "bids": [[112712.69, 12.4474], [112712.0, 0.0174], [112711.66, 2.49049]], "asks": [[112712.7, 0.6052], [112712.71, 0.0005], [112713.65, 0.04047]]}, {"timestamp": 1757061406315, "bids": [[112719.65, 9.11496], [112718.84, 0.77033], [112718.83, 0.54294]], "asks": [[112719.66, 5.11616], [112719.67, 0.0005], [112719.91, 0.00016]]}, {"timestamp": 1757061407083, "bids": [[112719.65, 2.21472], [112719.64, 0.00086], [112718.9, 0.0001]], "asks": [[112719.66, 7.26159], [112719.67, 0.0007], [112719.84, 0.05382]]}, {"timestamp": 1757061468310, "bids": [[112726.48, 11.53332], [112726.39, 0.06903], [112726.34, 0.0001]], "asks": [[112726.49, 0.83247], [112726.5, 0.0005], [112727.24, 0.0001]]}, {"timestamp": 1757061468556, "bids": [[112729.99, 12.5241], [112729.95, 0.01], [112729.34, 0.0001]], "asks": [[112730.0, 2.09803], [112730.01, 0.0005], [112730.56, 0.04084]]}, {"timestamp": 1757061468801, "bids": [[112729.99, 10.06412], [112729.98, 0.00887], [112729.57, 0.0002]], "asks": [[112730.0, 5.08036], [112730.01, 0.00075], [112730.44, 0.0001]]}, {"timestamp": 1757061483780, "bids": [[112738.09, 9.38649], [112738.08, 0.0005], [112738.01, 0.0001]], "asks": [[112738.1, 2.07472], [112738.11, 0.00055], [112738.63, 8e-05]]}, {"timestamp": 1757061487710, "bids": [[112738.09, 8.05296], [112738.08, 0.00459], [112738.06, 0.0102]], "asks": [[112738.1, 2.50818], [112738.11, 0.00065], [112738.53, 8e-05]]}, {"timestamp": 1757061489120, "bids": [[112738.09, 6.96744], [112738.08, 0.00065], [112738.01, 0.0001]], "asks": [[112738.1, 4.49696], [112738.11, 0.0008], [112738.43, 8e-05]]}, {"timestamp": 1757061510748, "bids": [[112745.4, 10.90943], [112745.39, 0.0001], [112745.01, 0.0001]], "asks": [[112745.41, 0.94972], [112745.42, 0.0005], [112745.91, 0.0001]]}, {"timestamp": 1757061514117, "bids": [[112749.99, 9.5], [112749.98, 0.0001], [112749.93, 0.0073]], "asks": [[112750.0, 1.34594], [112750.01, 0.0005], [112750.08, 5e-05]]}, {"timestamp": 1757061514375, "bids": [[112749.99, 9.57105], [112749.98, 0.00015], [112749.93, 0.00745]], "asks": [[112750.0, 1.3548], [112750.01, 0.00055], [112750.07, 8e-05]]}, {"timestamp": 1757061517767, "bids": [[112755.63, 6.90404], [112755.23, 0.0001], [112755.22, 0.0001]], "asks": [[112755.64, 1.10987], [112755.65, 0.0005], [112756.0, 5e-05]]}, {"timestamp": 1757061529048, "bids": [[112766.9, 8.11247], [112766.55, 0.0001], [112766.0, 0.0174]], "asks": [[112766.91, 0.8886], [112766.92, 0.001], [112767.19, 0.0001]]}, {"timestamp": 1757061529312, "bids": [[112766.9, 8.67191], [112766.78, 0.0102], [112766.55, 0.0001]], "asks": [[112766.91, 0.88948], [112766.92, 0.00065], [112767.2, 5e-05]]}, {"timestamp": 1757061551013, "bids": [[112784.52, 6.86772], [112784.22, 0.0001], [112784.16, 0.0001]], "asks": [[112784.53, 3.53317], [112784.54, 0.0005], [112784.92, 0.0001]]}, {"timestamp": 1757061551262, "bids": [[112784.52, 6.54074], [112784.27, 0.0001], [112784.01, 0.0001]], "asks": [[112784.53, 3.99111], [112784.54, 0.0006], [112784.87, 0.0001]]}, {"timestamp": 1757061554735, "bids": [[112793.19, 6.89867], [112793.11, 0.05184], [112792.99, 0.0001]], "asks": [[112793.2, 2.64287], [112793.21, 0.0005], [112793.49, 0.0001]]}, {"timestamp": 1757061575869, "bids": [[112790.01, 0.0001], [112790.0, 0.00015], [112789.6, 5e-05]], "asks": [[112791.55, 0.30305], [112792.01, 1.79996], [112792.79, 0.46302]]}, {"timestamp": 1757061576122, "bids": [[112784.52, 1.85703], [112784.51, 0.00132], [112784.27, 0.0001]], "asks": [[112784.53, 19.62922], [112784.72, 1.3054], [112784.73, 0.29261]]}, {"timestamp": 1757061621939, "bids": [[112772.63, 1.31158], [112772.62, 0.0005], [112772.42, 5e-05]], "asks": [[112772.64, 20.4862], [112772.65, 0.0905], [112772.8, 5e-05]]}, {"timestamp": 1757061622757, "bids": [[112768.43, 0.04048], [112768.42, 0.0006], [112768.01, 0.0001]], "asks": [[112768.44, 17.35128], [112768.5, 0.00341], [112768.98, 0.0001]]}, {"timestamp": 1757061623040, "bids": [[112764.83, 1.88695], [112764.82, 0.00064], [112764.33, 0.0001]], "asks": [[112764.84, 22.98819], [112765.43, 0.0001], [112765.6, 0.01015]]}, {"timestamp": 1757061635897, "bids": [[112754.3, 0.89756], [112754.29, 0.0011], [112754.13, 0.0001]], "asks": [[112754.31, 14.22963], [112754.68, 0.00129], [112754.88, 5e-05]]}, {"timestamp": 1757061636168, "bids": [[112751.53, 0.07807], [112751.52, 0.0006], [112750.88, 0.0001]], "asks": [[112751.54, 16.73098], [112751.6, 0.00346], [112752.0, 0.0174]]}, {"timestamp": 1757061660283, "bids": [[112740.55, 0.73801], [112740.44, 0.00222], [112740.41, 5e-05]], "asks": [[112740.56, 14.1986], [112740.59, 0.9017], [112740.6, 0.01441]]}, {"timestamp": 1757061660570, "bids": [[112739.52, 0.60583], [112739.51, 0.0003], [112739.2, 5e-05]], "asks": [[112739.53, 13.68847], [112739.99, 1.22067], [112740.0, 0.0175]]}, {"timestamp": 1757061661154, "bids": [[112737.53, 0.75431], [112737.52, 0.0006], [112737.25, 5e-05]], "asks": [[112737.54, 12.0282], [112737.62, 1.00254], [112737.63, 0.30221]]}, {"timestamp": 1757061661708, "bids": [[112737.53, 0.69091], [112737.52, 0.0007], [112734.63, 0.0102]], "asks": [[112737.54, 12.84164], [112737.55, 8e-05], [112737.62, 0.72693]]}, {"timestamp": 1757061662834, "bids": [[112737.53, 7.42309], [112737.52, 0.0008], [112737.38, 0.0001]], "asks": [[112737.54, 6.3278], [112737.55, 0.00863], [112737.62, 0.0001]]}, {"timestamp": 1757061665365, "bids": [[112737.53, 13.98859], [112737.41, 0.04], [112737.37, 0.04734]], "asks": [[112737.54, 0.19618], [112737.55, 0.00368], [112738.35, 0.0001]]}, {"timestamp": 1757061666506, "bids": [[112745.98, 14.82706], [112745.86, 0.0001], [112745.85, 0.06385]], "asks": [[112745.99, 1.10878], [112746.0, 0.0005], [112748.89, 0.01203]]}, {"timestamp": 1757061674585, "bids": [[112745.98, 7.43135], [112745.97, 0.0005], [112745.82, 0.0002]], "asks": [[112745.99, 5.32652], [112746.0, 0.0182], [112746.09, 0.04736]]}, {"timestamp": 1757061675545, "bids": [[112745.98, 2.73648], [112745.97, 0.00045], [112745.42, 0.00015]], "asks": [[112745.99, 6.77506], [112746.0, 0.01825], [112746.08, 0.0001]]}, {"timestamp": 1757061708025, "bids": [[112742.66, 1.31254], [112742.65, 0.0005], [112742.01, 0.0001]], "asks": [[112742.67, 17.77956], [112742.68, 0.0005], [112743.55, 0.0001]]}, {"timestamp": 1757061708845, "bids": [[112734.67, 1.78051], [112734.66, 0.0005], [112734.28, 5e-05]], "asks": [[112734.68, 20.08188], [112734.72, 0.04023], [112735.15, 8e-05]]}, {"timestamp": 1757061709124, "bids": [[112734.67, 0.98113], [112734.66, 0.0007], [112734.28, 0.0001]], "asks": [[112734.68, 20.24479], [112734.69, 0.01773], [112734.72, 0.04023]]}, {"timestamp": 1757061709686, "bids": [[112722.79, 0.0455], [112722.78, 0.0006], [112722.44, 0.0001]], "asks": [[112722.8, 19.91241], [112722.81, 0.05397], [112723.09, 0.01015]]}, {"timestamp": 1757061711072, "bids": [[112722.79, 0.07424], [112722.78, 0.00292], [112722.59, 0.0001]], "asks": [[112722.8, 20.38924], [112722.86, 8e-05], [112722.87, 0.01374]]}, {"timestamp": 1757061728491, "bids": [[112719.43, 0.06158], [112719.42, 0.0005], [112718.34, 0.0001]], "asks": [[112719.44, 22.26729], [112719.79, 0.0401], [112719.88, 0.0411]]}, {"timestamp": 1757061728770, "bids": [[112719.43, 0.06223], [112719.42, 0.00065], [112719.21, 5e-05]], "asks": [[112719.44, 23.13848], [112719.78, 8e-05], [112719.79, 0.04015]]}, {"timestamp": 1757061729605, "bids": [[112715.16, 0.89475], [112715.15, 0.0006], [112714.89, 5e-05]], "asks": [[112715.17, 12.47142], [112715.39, 8e-05], [112715.4, 5e-05]]}, {"timestamp": 1757061730168, "bids": [[112715.16, 1.01782], [112715.15, 0.00055], [112714.69, 8e-05]], "asks": [[112715.17, 12.55412], [112715.18, 0.0006], [112715.37, 8e-05]]}, {"timestamp": 1757061738159, "bids": [[112714.48, 0.3638], [112714.47, 0.0006], [112713.6, 0.0102]], "asks": [[112714.49, 19.04818], [112715.16, 5.36163], [112715.17, 2.93776]]}, {"timestamp": 1757061738995, "bids": [[112712.02, 0.35231], [112712.01, 0.0007], [112712.0, 0.01765]], "asks": [[112712.03, 19.60494], [112713.16, 0.0391], [112713.59, 0.00016]]}, {"timestamp": 1757061740931, "bids": [[112712.02, 1.27362], [112712.01, 0.0006], [112712.0, 0.05766]], "asks": [[112712.03, 17.81194], [112712.4, 8e-05], [112712.41, 0.0111]]}, {"timestamp": 1757061773939, "bids": [[112715.16, 9.13484], [112714.67, 0.38144], [112714.66, 0.08014]], "asks": [[112715.17, 0.06145], [112715.18, 0.00055], [112715.22, 0.02663]]}, {"timestamp": 1757061774217, "bids": [[112729.25, 12.64762], [112728.93, 3.29852], [112728.6, 0.0001]], "asks": [[112729.26, 0.00457], [112729.27, 0.00105], [112729.57, 0.0001]]}, {"timestamp": 1757061774487, "bids": [[112734.67, 12.31667], [112734.66, 0.0002], [112734.12, 0.0001]], "asks": [[112734.68, 0.15953], [112734.69, 0.0007], [112735.32, 0.0001]]}, {"timestamp": 1757061782199, "bids": [[112734.67, 4.18135], [112734.66, 0.00045], [112734.64, 0.03898]], "asks": [[112734.68, 7.1803], [112734.69, 0.01833], [112734.72, 0.0001]]}, {"timestamp": 1757061867452, "bids": [[112719.71, 1.33064], [112719.7, 0.0005], [112719.59, 0.00125]], "asks": [[112719.72, 16.31856], [112720.0, 0.0174], [112720.01, 6.51573]]}, {"timestamp": 1757061867722, "bids": [[112719.71, 4.33689], [112719.7, 0.0006], [112719.69, 0.0071]], "asks": [[112719.72, 15.12936], [112719.99, 1.46666], [112720.0, 0.01765]]}, {"timestamp": 1757061891236, "bids": [[112719.7, 5.12255], [112719.69, 0.0006], [112719.66, 0.0001]], "asks": [[112719.71, 5.8547], [112719.72, 0.16632], [112719.74, 0.0001]]}, {"timestamp": 1757061898095, "bids": [[112719.7, 9.24107], [112719.69, 5e-05], [112719.65, 0.03215]], "asks": [[112719.71, 1.00718], [112719.72, 0.03704], [112719.74, 0.0001]]}, {"timestamp": 1757061898369, "bids": [[112724.16, 11.80406], [112724.15, 5e-05], [112724.01, 0.0001]], "asks": [[112724.17, 0.74739], [112724.18, 0.0006], [112724.89, 0.0001]]}, {"timestamp": 1757061899470, "bids": [[112724.16, 12.82121], [112724.01, 0.0001], [112724.0, 0.05059]], "asks": [[112724.17, 0.01395], [112724.18, 0.0006], [112724.19, 0.0001]]}, {"timestamp": 1757061911395, "bids": [[112734.77, 9.84567], [112734.68, 0.00015], [112734.67, 0.22518]], "asks": [[112734.78, 0.72592], [112734.79, 0.0005], [112734.88, 0.0001]]}, {"timestamp": 1757061918811, "bids": [[112745.98, 11.68341], [112745.43, 0.0001], [112745.05, 4.40126]], "asks": [[112745.99, 0.2205], [112746.0, 0.0005], [112747.3, 5e-05]]}, {"timestamp": 1757061919364, "bids": [[112754.05, 8.96625], [112754.01, 0.0001], [112754.0, 0.0175]], "asks": [[112754.06, 0.76191], [112754.07, 0.00055], [112754.31, 0.00066]]}, {"timestamp": 1757061958134, "bids": [[112754.05, 1.56173], [112754.04, 0.01439], [112753.65, 0.00051]], "asks": [[112754.06, 8.28264], [112754.07, 0.04448], [112754.2, 0.00016]]}, {"timestamp": 1757061989278, "bids": [[112765.46, 7.962], [112765.11, 0.0001], [112765.0, 0.29261]], "asks": [[112765.47, 1.79283], [112765.48, 0.0005], [112765.62, 0.0001]]}, {"timestamp": 1757061990955, "bids": [[112765.46, 1.70093], [112765.2, 0.0071], [112765.11, 0.0001]], "asks": [[112765.47, 15.7935], [112765.48, 5e-05], [112765.85, 0.00016]]}, {"timestamp": 1757061991228, "bids": [[112765.46, 1.70758], [112765.11, 0.0001], [112764.83, 0.0071]], "asks": [[112765.47, 17.10771], [112765.48, 0.00015], [112765.85, 0.00026]]}, {"timestamp": 1757062007280, "bids": [[112760.0, 0.77689], [112759.99, 0.0006], [112759.6, 0.0001]], "asks": [[112760.01, 22.17426], [112760.43, 0.0001], [112760.48, 8e-05]]}, {"timestamp": 1757062008118, "bids": [[112754.05, 1.43303], [112754.04, 0.00172], [112754.0, 5e-05]], "asks": [[112754.06, 25.16305], [112754.07, 0.01786], [112754.19, 0.00016]]}, {"timestamp": 1757062008672, "bids": [[112745.9, 0.24099], [112745.89, 0.0006], [112745.4, 0.0001]], "asks": [[112745.91, 24.37044], [112745.97, 3.8819], [112745.98, 1.96725]]}, {"timestamp": 1757062016426, "bids": [[112733.09, 0.67499], [112733.08, 0.0006], [112732.49, 0.0001]], "asks": [[112733.1, 17.46294], [112733.21, 0.0979], [112733.22, 0.0102]]}, {"timestamp": 1757062017428, "bids": [[112730.54, 0.272], [112730.53, 0.0006], [112730.48, 5e-05]], "asks": [[112730.55, 20.34159], [112730.76, 0.05635], [112731.23, 0.0001]]}, {"timestamp": 1757062017699, "bids": [[112730.54, 0.27796], [112730.53, 0.00065], [112729.89, 0.0001]], "asks": [[112730.55, 19.98121], [112730.75, 8e-05], [112730.76, 0.05635]]}, {"timestamp": 1757062018256, "bids": [[112727.9, 0.34922], [112727.89, 0.00065], [112727.2, 0.0001]], "asks": [[112727.91, 19.68991], [112727.99, 0.51332], [112728.0, 0.01755]]}, {"timestamp": 1757062034644, "bids": [[112727.9, 9.62945], [112727.83, 0.0492], [112727.2, 0.0001]], "asks": [[112727.91, 0.19714], [112727.92, 0.0006], [112727.94, 0.0001]]}, {"timestamp": 1757062079153, "bids": [[112716.23, 0.00223], [112716.22, 0.0005], [112716.21, 0.00025]], "asks": [[112716.24, 17.80373], [112716.25, 11.76227], [112716.31, 0.07025]]}, {"timestamp": 1757062079434, "bids": [[112710.82, 0.7072], [112710.81, 0.0006], [112710.76, 0.00051]], "asks": [[112710.83, 15.26274], [112711.19, 8e-05], [112711.2, 5e-05]]}, {"timestamp": 1757062086617, "bids": [[112708.25, 0.6016], [112708.24, 0.0006], [112705.76, 5e-05]], "asks": [[112708.26, 15.88616], [112709.75, 0.0979], [112709.76, 5e-05]]}, {"timestamp": 1757062086898, "bids": [[112701.76, 0.66286], [112701.75, 0.00065], [112700.78, 5e-05]], "asks": [[112701.77, 14.70327], [112701.89, 0.0001], [112701.9, 0.0001]]}, {"timestamp": 1757062088563, "bids": [[112697.39, 0.10804], [112697.38, 0.0006], [112696.21, 0.00041]], "asks": [[112697.4, 18.53856], [112697.41, 8.3327], [112698.0, 0.0174]]}, {"timestamp": 1757062089123, "bids": [[112690.06, 1.81589], [112690.05, 0.0005], [112690.02, 5e-05]], "asks": [[112690.07, 15.45812], [112690.18, 8e-05], [112690.19, 0.00126]]}, {"timestamp": 1757062089979, "bids": [[112689.77, 0.7578], [112689.76, 0.0006], [112689.14, 5e-05]], "asks": [[112689.78, 22.83806], [112690.0, 0.0174], [112690.04, 0.5997]]}, {"timestamp": 1757062091355, "bids": [[112688.0, 0.05621], [112687.99, 0.0006], [112687.76, 0.0001]], "asks": [[112688.01, 19.51221], [112688.8, 5e-05], [112688.82, 0.0001]]}, {"timestamp": 1757062091919, "bids": [[112688.0, 0.05498], [112687.99, 0.00065], [112687.77, 8e-05]], "asks": [[112688.01, 19.55356], [112688.02, 0.01794], [112688.57, 0.00015]]}, {"timestamp": 1757062093029, "bids": [[112688.0, 0.82973], [112687.99, 0.0007], [112687.79, 8e-05]], "asks": [[112688.01, 13.83578], [112688.02, 0.01837], [112688.22, 5e-05]]}, {"timestamp": 1757062129230, "bids": [[112688.0, 4.17562], [112687.99, 0.00045], [112687.92, 0.0001]], "asks": [[112688.01, 6.43432], [112688.02, 0.01847], [112688.08, 8e-05]]}, {"timestamp": 1757062142634, "bids": [[112685.93, 0.12008], [112685.92, 0.0006], [112685.38, 5e-05]], "asks": [[112685.94, 16.32905], [112686.0, 0.0174], [112686.83, 0.0001]]}, {"timestamp": 1757062143649, "bids": [[112679.89, 1.05886], [112679.88, 0.0005], [112679.75, 5e-05]], "asks": [[112679.9, 22.38269], [112679.98, 8e-05], [112679.99, 8e-05]]}, {"timestamp": 1757062144491, "bids": [[112670.52, 0.01479], [112670.51, 0.0005], [112670.45, 5e-05]], "asks": [[112670.53, 15.1185], [112670.75, 5e-05], [112670.82, 0.35484]]}, {"timestamp": 1757062149225, "bids": [[112666.0, 0.09478], [112665.99, 0.00065], [112665.82, 0.0001]], "asks": [[112666.01, 21.08796], [112666.39, 8e-05], [112666.4, 5e-05]]}, {"timestamp": 1757062151154, "bids": [[112661.03, 0.00615], [112661.02, 0.0006], [112660.8, 5e-05]], "asks": [[112661.04, 24.32874], [112661.92, 8e-05], [112661.93, 0.0001]]}, {"timestamp": 1757062154752, "bids": [[112652.11, 1.22725], [112652.1, 0.0005], [112652.0, 0.00255]], "asks": [[112652.12, 12.92873], [112652.13, 5e-05], [112652.51, 0.06938]]}, {"timestamp": 1757062166673, "bids": [[112650.0, 10.93607], [112649.99, 0.00116], [112649.91, 0.0017]], "asks": [[112650.01, 23.56067], [112650.02, 5e-05], [112650.72, 3.08718]]}, {"timestamp": 1757062168577, "bids": [[112640.0, 0.02734], [112639.99, 0.0005], [112639.63, 0.0001]], "asks": [[112640.01, 16.892], [112640.02, 1.34442], [112641.66, 1.97692]]}, {"timestamp": 1757062169222, "bids": [[112638.83, 0.1578], [112638.82, 0.00065], [112638.41, 8e-05]], "asks": [[112638.84, 14.82868], [112638.95, 0.00026], [112638.96, 0.04015]]}, {"timestamp": 1757062169499, "bids": [[112636.67, 0.82335], [112636.66, 0.6207], [112636.36, 5e-05]], "asks": [[112636.68, 19.26048], [112636.69, 0.04438], [112638.0, 0.0174]]}, {"timestamp": 1757062170338, "bids": [[112634.76, 0.01829], [112634.75, 0.0005], [112634.5, 7e-05]], "asks": [[112634.77, 19.45431], [112634.78, 0.32545], [112636.0, 0.0174]]}, {"timestamp": 1757062171432, "bids": [[112631.74, 1.01319], [112631.73, 0.0005], [112631.64, 8e-05]], "asks": [[112631.75, 23.3869], [112631.76, 0.97073], [112631.95, 8e-05]]}, {"timestamp": 1757062180603, "bids": [[112631.74, 8.68], [112631.62, 0.1067], [112631.57, 0.00067]], "asks": [[112631.75, 0.85804], [112631.76, 0.33515], [112632.0, 0.00015]]}, {"timestamp": 1757062180879, "bids": [[112634.76, 11.28349], [112634.01, 0.0001], [112633.89, 0.0001]], "asks": [[112634.77, 1.14021], [112634.78, 0.00055], [112635.61, 0.0001]]}, {"timestamp": 1757062188637, "bids": [[112634.76, 7.43371], [112634.75, 0.00035], [112634.14, 0.0071]], "asks": [[112634.77, 4.60686], [112634.78, 0.00073], [112635.17, 0.00018]]}, {"timestamp": 1757062201290, "bids": [[112627.9, 0.17889], [112627.89, 0.0005], [112627.2, 5e-05]], "asks": [[112627.91, 12.67827], [112627.92, 6.97806], [112627.93, 3.2941]]}, {"timestamp": 1757062201566, "bids": [[112623.3, 0.9689], [112623.29, 0.00065], [112622.66, 5e-05]], "asks": [[112623.31, 14.32754], [112624.0, 0.01755], [112624.44, 0.03936]]}, {"timestamp": 1757062206823, "bids": [[112623.3, 6.20769], [112623.29, 0.0005], [112623.23, 0.0001]], "asks": [[112623.31, 5.0212], [112623.32, 0.00038], [112623.61, 0.00018]]}, {"timestamp": 1757062207098, "bids": [[112623.3, 6.48351], [112623.29, 0.00035], [112623.24, 8e-05]], "asks": [[112623.31, 5.01799], [112623.32, 0.00063], [112623.61, 8e-05]]}, {"timestamp": 1757062210056, "bids": [[112623.3, 9.65373], [112623.29, 0.00045], [112623.25, 0.00725]], "asks": [[112623.31, 2.12814], [112623.32, 0.01139], [112623.36, 5e-05]]}, {"timestamp": 1757062211709, "bids": [[112623.3, 10.09512], [112623.24, 8e-05], [112623.22, 5e-05]], "asks": [[112623.31, 1.40145], [112623.32, 0.01144], [112624.12, 0.0001]]}, {"timestamp": 1757062217041, "bids": [[112623.3, 6.28441], [112623.29, 5e-05], [112623.24, 8e-05]], "asks": [[112623.31, 5.88573], [112623.32, 0.01172], [112623.99, 0.00018]]}, {"timestamp": 1757062266746, "bids": [[112623.3, 5.88551], [112623.29, 0.00727], [112623.28, 0.04816]], "asks": [[112623.31, 8.18989], [112623.32, 0.0555], [112623.34, 0.00018]]}, {"timestamp": 1757062267343, "bids": [[112623.3, 7.06173], [112623.29, 0.00712], [112623.28, 0.13812]], "asks": [[112623.31, 5.3098], [112623.32, 0.05542], [112623.34, 0.0001]]}, {"timestamp": 1757062283387, "bids": [[112636.43, 8.95446], [112636.39, 0.67261], [112636.38, 0.0002]], "asks": [[112636.44, 1.50093], [112636.45, 0.0002], [112636.66, 0.0639]]}, {"timestamp": 1757062283661, "bids": [[112636.43, 7.73549], [112636.4, 0.0001], [112636.39, 0.63558]], "asks": [[112636.44, 4.58567], [112636.45, 0.0004], [112636.65, 0.0001]]}, {"timestamp": 1757062285310, "bids": [[112636.43, 1.4574], [112635.68, 0.0001], [112635.19, 5e-05]], "asks": [[112636.44, 7.71001], [112636.65, 0.0001], [112636.66, 0.06405]]}, {"timestamp": 1757062291370, "bids": [[112627.59, 1.49438], [112627.58, 0.6207], [112627.2, 5e-05]], "asks": [[112627.6, 18.41673], [112628.0, 0.01755], [112628.29, 0.054]]}, {"timestamp": 1757062296633, "bids": [[112623.3, 0.05387], [112623.29, 0.01811], [112622.66, 5e-05]], "asks": [[112623.31, 22.96012], [112623.32, 0.01778], [112623.46, 0.08002]]}, {"timestamp": 1757062305530, "bids": [[112621.07, 0.09035], [112621.06, 0.0006], [112621.04, 0.00201]], "asks": [[112621.08, 14.07754], [112621.09, 5e-05], [112621.28, 0.07992]]}, {"timestamp": 1757062305806, "bids": [[112620.0, 0.71017], [112619.99, 0.0005], [112619.95, 5e-05]], "asks": [[112620.01, 19.18176], [112620.73, 0.08007], [112621.05, 0.96364]]}, {"timestamp": 1757062316626, "bids": [[112620.0, 2.85765], [112619.99, 0.00065], [112619.95, 5e-05]], "asks": [[112620.01, 19.53661], [112620.02, 0.0002], [112620.64, 0.00839]]}, {"timestamp": 1757062349939, "bids": [[112613.6, 1.85634], [112613.59, 0.0005], [112613.09, 0.00028]], "asks": [[112613.61, 20.20524], [112613.62, 0.00025], [112613.88, 5e-05]]}, {"timestamp": 1757062354370, "bids": [[112613.6, 6.7439], [112613.59, 0.0007], [112613.56, 0.00018]], "asks": [[112613.61, 6.65557], [112613.62, 0.0006], [112613.99, 0.0001]]}, {"timestamp": 1757062354930, "bids": [[112619.99, 10.15461], [112619.98, 0.09767], [112619.44, 0.14393]], "asks": [[112620.0, 1.04165], [112620.01, 0.27672], [112620.64, 0.00844]]}, {"timestamp": 1757062364653, "bids": [[112619.99, 5.73398], [112619.98, 0.0006], [112619.9, 8e-05]], "asks": [[112620.0, 5.9829], [112620.01, 0.04519], [112620.45, 0.0001]]}, {"timestamp": 1757062366080, "bids": [[112619.99, 8.81962], [112619.98, 0.00015], [112619.94, 0.00018]], "asks": [[112620.0, 2.36655], [112620.01, 0.04264], [112620.64, 0.00844]]}, {"timestamp": 1757062385768, "bids": [[112635.08, 7.90312], [112634.85, 0.04629], [112634.43, 0.0001]], "asks": [[112635.09, 1.8837], [112635.1, 0.0005], [112635.5, 0.0001]]}, {"timestamp": 1757062386886, "bids": [[112635.08, 4.58713], [112635.07, 0.00422], [112634.93, 0.0001]], "asks": [[112635.09, 9.10478], [112635.1, 0.00045], [112635.28, 0.0002]]}, {"timestamp": 1757062397833, "bids": [[112620.35, 9.23596], [112620.34, 0.0002], [112620.0, 0.0013]], "asks": [[112620.36, 13.16081], [112620.37, 0.0003], [112620.9, 0.0001]]}, {"timestamp": 1757062412674, "bids": [[112620.35, 12.15049], [112620.0, 0.38071], [112619.99, 0.05452]], "asks": [[112620.36, 0.75279], [112620.37, 0.00121], [112621.06, 0.0001]]}, {"timestamp": 1757062425704, "bids": [[112623.87, 12.59414], [112623.86, 4.38619], [112623.81, 0.00063]], "asks": [[112623.88, 0.70511], [112623.89, 0.0006], [112623.99, 0.0001]]}, {"timestamp": 1757062426543, "bids": [[112623.87, 14.4174], [112623.86, 0.46293], [112623.52, 0.0001]], "asks": [[112623.88, 2.49895], [112623.89, 0.0006], [112623.99, 0.0001]]}, {"timestamp": 1757062591825, "bids": [[112623.86, 5.57059], [112623.85, 0.11683], [112623.74, 0.0102]], "asks": [[112623.87, 6.80274], [112623.88, 0.50575], [112623.92, 0.01]]}, {"timestamp": 1757062609274, "bids": [[112629.14, 11.09147], [112629.08, 0.45052], [112628.7, 0.06941]], "asks": [[112629.15, 1.07603], [112629.16, 0.0005], [112629.5, 0.0001]]}, {"timestamp": 1757062609559, "bids": [[112629.14, 13.06212], [112629.09, 0.0001], [112629.08, 0.45062]], "asks": [[112629.15, 1.07608], [112629.16, 0.00055], [112629.74, 0.0001]]}, {"timestamp": 1757062611518, "bids": [[112629.14, 13.90684], [112629.13, 0.08879], [112629.09, 0.00119]], "asks": [[112629.15, 0.54017], [112629.16, 0.00065], [112629.68, 0.0001]]}, {"timestamp": 1757062611793, "bids": [[112629.14, 13.64062], [112629.09, 0.00129], [112629.08, 0.45062]], "asks": [[112629.15, 1.27863], [112629.16, 0.0006], [112629.52, 0.03918]]}, {"timestamp": 1757062612172, "bids": [[112629.14, 13.13202], [112629.13, 0.0001], [112629.09, 0.00129]], "asks": [[112629.15, 1.35458], [112629.16, 0.0007], [112629.51, 0.0001]]}, {"timestamp": 1757062642469, "bids": [[112614.96, 0.00095], [112614.95, 0.0006], [112614.49, 0.0001]], "asks": [[112614.97, 17.40849], [112614.98, 0.0905], [112615.1, 15.14551]]}, {"timestamp": 1757062642749, "bids": [[112605.37, 0.20876], [112605.36, 0.0006], [112604.8, 5e-05]], "asks": [[112605.38, 18.17703], [112605.39, 0.00166], [112606.0, 0.0176]]}, {"timestamp": 1757062645417, "bids": [[112607.51, 14.22408], [112607.5, 0.10702], [112607.49, 0.18538]], "asks": [[112607.52, 0.23081], [112607.53, 0.0006], [112607.58, 5e-05]]}, {"timestamp": 1757062648762, "bids": [[112618.51, 12.64001], [112618.14, 0.01782], [112618.06, 0.0001]], "asks": [[112618.52, 1.19833], [112618.53, 0.0005], [112618.99, 0.0001]]}, {"timestamp": 1757062651283, "bids": [[112618.51, 12.243], [112618.06, 0.0001], [112618.03, 0.0001]], "asks": [[112618.52, 1.1235], [112618.53, 0.00065], [112618.7, 0.0001]]}, {"timestamp": 1757062801946, "bids": [[112619.97, 13.34117], [112619.96, 0.00085], [112619.67, 1.69728]], "asks": [[112619.98, 1.01884], [112619.99, 0.0002], [112620.0, 0.00036]]}, {"timestamp": 1757062803386, "bids": [[112619.97, 11.81373], [112619.96, 0.0005], [112619.57, 0.0001]], "asks": [[112619.98, 6.08556], [112619.99, 0.0003], [112620.0, 0.01796]]}, {"timestamp": 1757062830006, "bids": [[112605.85, 0.8289], [112605.38, 5e-05], [112605.37, 0.0001]], "asks": [[112605.87, 1.24887], [112606.06, 1.18245], [112606.73, 1.00704]]}, {"timestamp": 1757062830287, "bids": [[112605.85, 3.23651], [112605.84, 0.00075], [112605.35, 0.0001]], "asks": [[112605.86, 18.17169], [112605.87, 0.47369], [112606.0, 0.01755]]}, {"timestamp": 1757062852216, "bids": [[112607.99, 10.59273], [112607.93, 0.25508], [112607.92, 0.45052]], "asks": [[112608.0, 0.39353], [112608.01, 0.0006], [112608.45, 0.0001]]}, {"timestamp": 1757062852490, "bids": [[112607.99, 10.54526], [112607.98, 0.0005], [112607.94, 0.0001]], "asks": [[112608.0, 0.55236], [112608.01, 0.00055], [112608.05, 0.02]]}, {"timestamp": 1757062864588, "bids": [[112607.99, 2.13592], [112607.98, 0.00035], [112607.54, 0.0001]], "asks": [[112608.0, 9.15399], [112608.05, 0.02015], [112608.24, 5e-05]]}, {"timestamp": 1757062888466, "bids": [[112607.99, 1.75923], [112607.98, 0.00045], [112607.54, 0.0002]], "asks": [[112608.0, 6.60356], [112608.01, 0.00015], [112608.04, 0.0001]]}, {"timestamp": 1757062905419, "bids": [[112607.97, 0.20051], [112607.96, 0.00065], [112607.52, 0.0001]], "asks": [[112607.98, 16.34289], [112607.99, 2.06853], [112608.0, 0.9227]]}, {"timestamp": 1757062907678, "bids": [[112605.85, 0.05041], [112605.84, 0.0006], [112605.64, 0.0001]], "asks": [[112605.86, 19.6127], [112605.87, 0.29308], [112606.0, 0.0174]]}, {"timestamp": 1757062922844, "bids": [[112587.1, 1.11717], [112587.09, 0.00045], [112587.07, 0.00027]], "asks": [[112587.11, 15.14094], [112587.71, 0.0001], [112587.84, 0.0001]]}, {"timestamp": 1757062926524, "bids": [[112541.7, 5.34951], [112541.69, 0.00055], [112541.59, 0.00015]], "asks": [[112541.71, 1.24302], [112541.72, 0.00015], [112541.73, 0.0001]]}, {"timestamp": 1757062926806, "bids": [[112549.98, 7.9308], [112549.97, 1.71519], [112549.96, 0.00055]], "asks": [[112549.99, 0.17284], [112550.0, 0.00015], [112550.08, 5e-05]]}, {"timestamp": 1757062927091, "bids": [[112565.59, 9.53811], [112565.53, 0.04808], [112565.39, 0.0001]], "asks": [[112565.6, 0.70598], [112565.89, 0.0001], [112566.4, 0.02755]]}, {"timestamp": 1757062931616, "bids": [[112572.71, 8.10198], [112572.56, 0.0001], [112572.55, 0.0001]], "asks": [[112572.72, 1.05936], [112572.73, 0.0007], [112572.96, 0.0001]]}, {"timestamp": 1757062938096, "bids": [[112566.5, 0.95851], [112566.49, 0.00065], [112566.2, 0.0001]], "asks": [[112566.51, 15.70075], [112566.75, 0.85515], [112566.88, 3.95896]]}, {"timestamp": 1757062950827, "bids": [[112566.5, 6.54088], [112566.39, 0.06923], [112566.22, 5e-05]], "asks": [[112566.51, 0.11971], [112566.52, 0.04505], [112566.81, 0.0001]]}, {"timestamp": 1757062952165, "bids": [[112568.41, 11.55499], [112568.16, 0.0001], [112568.01, 0.0001]], "asks": [[112568.42, 0.74406], [112568.43, 0.0006], [112568.76, 0.0001]]}, {"timestamp": 1757062956626, "bids": [[112568.41, 4.231], [112568.4, 0.0003], [112568.16, 0.0001]], "asks": [[112568.42, 8.16777], [112568.43, 0.00075], [112568.53, 0.05648]]}, {"timestamp": 1757062961698, "bids": [[112566.51, 1.00967], [112566.5, 0.09078], [112565.6, 0.00015]], "asks": [[112566.52, 13.72006], [112568.0, 0.0174], [112568.41, 3.16316]]}, {"timestamp": 1757062961980, "bids": [[112566.51, 1.10418], [112566.5, 0.09073], [112566.21, 0.0001]], "asks": [[112566.52, 17.88884], [112566.91, 0.0001], [112567.99, 8e-05]]}, {"timestamp": 1757062963099, "bids": [[112554.93, 0.80568], [112554.92, 0.0005], [112554.58, 0.0001]], "asks": [[112554.94, 13.26714], [112554.96, 5e-05], [112555.38, 0.0001]]}, {"timestamp": 1757062963657, "bids": [[112546.02, 1.01063], [112546.01, 0.0005], [112546.0, 0.0001]], "asks": [[112546.03, 16.11376], [112546.25, 0.04214], [112546.52, 0.0001]]}, {"timestamp": 1757062969566, "bids": [[112543.54, 0.753], [112543.53, 0.0006], [112543.2, 5e-05]], "asks": [[112543.55, 17.02299], [112543.56, 0.0005], [112544.0, 0.0174]]}, {"timestamp": 1757062972383, "bids": [[112538.0, 0.92701], [112537.99, 0.0005], [112537.6, 5e-05]], "asks": [[112538.01, 14.42318], [112538.02, 0.2932], [112538.05, 0.02]]}, {"timestamp": 1757062973909, "bids": [[112508.92, 4.23507], [112508.78, 0.0001], [112508.77, 0.09973]], "asks": [[112508.93, 0.21006], [112508.94, 0.0001], [112508.95, 0.0202]]}, {"timestamp": 1757062993626, "bids": [[112501.0, 1.20258], [112500.99, 0.0006], [112500.4, 0.0001]], "asks": [[112501.01, 22.19881], [112501.05, 0.0202], [112501.1, 0.0202]]}, {"timestamp": 1757062994661, "bids": [[112501.0, 0.14201], [112500.99, 0.02002], [112500.4, 0.00015]], "asks": [[112501.01, 24.20432], [112501.02, 0.04459], [112501.05, 0.0202]]}, {"timestamp": 1757062995769, "bids": [[112483.36, 4.11456], [112483.35, 0.0537], [112483.16, 0.00013]], "asks": [[112483.37, 15.92223], [112483.4, 0.02], [112483.45, 0.02]]}, {"timestamp": 1757063000299, "bids": [[112486.63, 11.39029], [112486.08, 0.05343], [112486.0, 0.0174]], "asks": [[112486.64, 0.92209], [112486.65, 0.0006], [112486.94, 5e-05]]}, {"timestamp": 1757063011949, "bids": [[112486.63, 4.85424], [112486.14, 0.0001], [112486.13, 0.04314]], "asks": [[112486.64, 0.93895], [112486.65, 0.00035], [112487.17, 0.0001]]}, {"timestamp": 1757063017596, "bids": [[112486.63, 0.6805], [112486.62, 0.08542], [112486.14, 0.0001]], "asks": [[112486.64, 10.59107], [112487.2, 0.00015], [112487.4, 0.04959]]}, {"timestamp": 1757063017880, "bids": [[112486.63, 1.20054], [112486.62, 0.08582], [112486.09, 0.0001]], "asks": [[112486.64, 9.73655], [112487.19, 0.0001], [112487.2, 5e-05]]}, {"timestamp": 1757063024638, "bids": [[112486.63, 4.88275], [112486.4, 0.0001], [112486.39, 0.05484]], "asks": [[112486.64, 1.0497], [112486.65, 0.0001], [112486.99, 0.0001]]}, {"timestamp": 1757063111829, "bids": [[112505.99, 7.59268], [112505.98, 0.58494], [112505.78, 0.0001]], "asks": [[112506.0, 0.66799], [112506.01, 0.0005], [112506.25, 0.0002]]}, {"timestamp": 1757063117555, "bids": [[112518.4, 11.06909], [112518.39, 0.70293], [112518.38, 5e-05]], "asks": [[112518.41, 0.88134], [112518.42, 0.00055], [112518.51, 0.0001]]}, {"timestamp": 1757063118706, "bids": [[112519.99, 10.62868], [112519.98, 0.15994], [112519.94, 0.0001]], "asks": [[112520.0, 0.92461], [112520.01, 0.0005], [112520.14, 0.0001]]}, {"timestamp": 1757063210315, "bids": [[112509.46, 3.14763], [112509.11, 0.0001], [112508.93, 5e-05]], "asks": [[112509.47, 15.70855], [112509.48, 0.0008], [112509.6, 5e-05]]}, {"timestamp": 1757063287915, "bids": [[112500.0, 0.96747], [112499.99, 0.0006], [112499.79, 5e-05]], "asks": [[112500.01, 18.73315], [112500.02, 0.45052], [112500.42, 0.0001]]}, {"timestamp": 1757063288192, "bids": [[112500.0, 0.96894], [112499.99, 0.0007], [112499.66, 5e-05]], "asks": [[112500.01, 17.82784], [112500.02, 0.45067], [112500.41, 8e-05]]}, {"timestamp": 1757063289031, "bids": [[112499.26, 0.10778], [112499.25, 0.0006], [112498.81, 0.0001]], "asks": [[112499.27, 18.99615], [112499.67, 0.0001], [112499.78, 0.0001]]}, {"timestamp": 1757063289317, "bids": [[112494.65, 0.71635], [112494.64, 0.00055], [112494.62, 0.0001]], "asks": [[112494.66, 22.37997], [112495.05, 0.01792], [112495.23, 0.0001]]}, {"timestamp": 1757063289875, "bids": [[112486.91, 0.92897], [112486.9, 0.0005], [112486.74, 5e-05]], "asks": [[112486.92, 16.41436], [112487.2, 5e-05], [112487.38, 0.06949]]}, {"timestamp": 1757063368197, "bids": [[112480.0, 0.22946], [112479.99, 0.0005], [112479.96, 7e-05]], "asks": [[112480.01, 19.00399], [112480.6, 0.0001], [112480.62, 0.0001]]}, {"timestamp": 1757063368490, "bids": [[112479.71, 0.02523], [112479.7, 0.00065], [112479.58, 0.00022]], "asks": [[112479.72, 20.08518], [112479.97, 0.04015], [112479.99, 5.58377]]}, {"timestamp": 1757063370555, "bids": [[112473.33, 2.33434], [112473.32, 0.0003], [112473.08, 5e-05]], "asks": [[112473.34, 17.07038], [112473.35, 0.29352], [112473.99, 0.0001]]}, {"timestamp": 1757063380454, "bids": [[112473.33, 6.97186], [112473.29, 0.0001], [112473.28, 0.0102]], "asks": [[112473.34, 1.10431], [112473.35, 0.30213], [112474.0, 0.0001]]}, {"timestamp": 1757063381324, "bids": [[112475.98, 12.62956], [112475.38, 0.0001], [112474.71, 0.1601]], "asks": [[112475.99, 0.73096], [112476.0, 0.0006], [112476.59, 0.0001]]}, {"timestamp": 1757063387018, "bids": [[112479.96, 12.61695], [112479.72, 0.46034], [112479.71, 0.87647]], "asks": [[112479.97, 0.35473], [112479.98, 0.0006], [112480.0, 5e-05]]}, {"timestamp": 1757063387298, "bids": [[112479.96, 12.27421], [112479.73, 0.0001], [112479.72, 0.46054]], "asks": [[112479.97, 1.01622], [112479.98, 0.00055], [112480.53, 0.0001]]}, {"timestamp": 1757063395680, "bids": [[112482.61, 9.66144], [112482.6, 0.00045], [112482.59, 0.0889]], "asks": [[112482.62, 0.69367], [112482.63, 0.00085], [112482.78, 0.29335]]}, {"timestamp": 1757063396834, "bids": [[112482.61, 9.63132], [112482.6, 0.0004], [112482.11, 0.0001]], "asks": [[112482.62, 0.68248], [112482.63, 0.0009], [112482.64, 0.0001]]}, {"timestamp": 1757063398850, "bids": [[112486.91, 2.73189], [112486.9, 0.79532], [112486.88, 0.20723]], "asks": [[112486.92, 5.82964], [112486.93, 0.00291], [112487.2, 5e-05]]}, {"timestamp": 1757063399129, "bids": [[112494.25, 10.45753], [112494.22, 5e-05], [112494.21, 0.03329]], "asks": [[112494.26, 0.63535], [112494.27, 0.0006], [112494.66, 0.0001]]}, {"timestamp": 1757063399702, "bids": [[112500.91, 10.51236], [112500.81, 0.01744], [112500.56, 0.0001]], "asks": [[112500.92, 0.89961], [112500.93, 0.0006], [112501.3, 0.0001]]}, {"timestamp": 1757063399985, "bids": [[112500.91, 10.5726], [112500.82, 0.0001], [112500.81, 0.01754]], "asks": [[112500.92, 0.89976], [112500.93, 0.00065], [112501.29, 8e-05]]}, {"timestamp": 1757063400562, "bids": [[112500.91, 10.39219], [112500.9, 5e-05], [112500.56, 0.0001]], "asks": [[112500.92, 1.16475], [112500.93, 0.00085], [112501.27, 0.00018]]}, {"timestamp": 1757063405379, "bids": [[112507.57, 8.523], [112507.27, 0.0001], [112506.44, 0.03996]], "asks": [[112507.58, 0.67065], [112507.59, 0.29398], [112507.89, 0.0001]]}, {"timestamp": 1757063413398, "bids": [[112507.57, 6.30024], [112507.45, 0.0001], [112507.44, 0.03946]], "asks": [[112507.58, 0.59379], [112507.59, 0.29398], [112507.88, 0.0001]]}, {"timestamp": 1757063449825, "bids": [[112509.45, 12.25412], [112509.2, 0.0001], [112508.96, 0.04]], "asks": [[112509.46, 0.32343], [112509.47, 0.04452], [112509.49, 5e-05]]}, {"timestamp": 1757063455034, "bids": [[112509.99, 12.3428], [112509.92, 5e-05], [112509.79, 0.0001]], "asks": [[112510.0, 0.17959], [112510.01, 0.0006], [112510.2, 0.0001]]}, {"timestamp": 1757063455907, "bids": [[112526.32, 2.30736], [112525.82, 2.42582], [112525.8, 0.8227]], "asks": [[112526.33, 0.01908], [112526.34, 0.00161], [112526.4, 5e-05]]}, {"timestamp": 1757063456191, "bids": [[112526.32, 11.2151], [112526.01, 0.0001], [112526.0, 0.01755]], "asks": [[112526.33, 0.36262], [112526.34, 0.00065], [112527.33, 5e-05]]}, {"timestamp": 1757063461909, "bids": [[112526.32, 11.42694], [112526.31, 0.0001], [112526.02, 0.0001]], "asks": [[112526.33, 0.79895], [112526.34, 0.0008], [112526.99, 0.0001]]}, {"timestamp": 1757063472230, "bids": [[112526.32, 4.52029], [112526.31, 0.0002], [112526.03, 0.0001]], "asks": [[112526.33, 6.00134], [112526.34, 0.04512], [112526.42, 0.05302]]}, {"timestamp": 1757063495850, "bids": [[112517.49, 3.40566], [112517.48, 0.00055], [112517.39, 0.0001]], "asks": [[112517.5, 18.65502], [112517.61, 0.0001], [112517.71, 0.0401]]}, {"timestamp": 1757063516866, "bids": [[112517.79, 16.64566], [112517.74, 0.0001], [112517.55, 6.32172]], "asks": [[112517.8, 0.0009], [112517.81, 0.0006], [112517.87, 0.0001]]}, {"timestamp": 1757063689494, "bids": [[112517.78, 0.12843], [112517.77, 0.0006], [112517.74, 5e-05]], "asks": [[112517.79, 17.72059], [112517.8, 4.93469], [112517.84, 0.0001]]}, {"timestamp": 1757063696613, "bids": [[112514.0, 0.16671], [112513.99, 0.00075], [112513.8, 0.0001]], "asks": [[112514.01, 22.37808], [112514.27, 0.0001], [112514.29, 0.00016]]}, {"timestamp": 1757063698570, "bids": [[112506.0, 0.94368], [112505.99, 0.0006], [112505.75, 0.0001]], "asks": [[112506.01, 13.32083], [112506.02, 5e-05], [112506.29, 0.0001]]}, {"timestamp": 1757063735970, "bids": [[112516.31, 9.78635], [112516.11, 0.0001], [112515.55, 5e-05]], "asks": [[112516.32, 1.11589], [112516.33, 0.0005], [112516.6, 0.00016]]}, {"timestamp": 1757063774841, "bids": [[112512.62, 0.75266], [112512.61, 0.00035], [112512.37, 0.0001]], "asks": [[112512.63, 20.34725], [112512.64, 0.00055], [112512.65, 0.0201]]}, {"timestamp": 1757063775400, "bids": [[112504.05, 0.66033], [112504.04, 0.0006], [112504.0, 5e-05]], "asks": [[112504.06, 23.30483], [112504.29, 5e-05], [112504.4, 0.0001]]}, {"timestamp": 1757063775968, "bids": [[112504.05, 3.61993], [112504.04, 0.00065], [112504.01, 0.0001]], "asks": [[112504.06, 18.00152], [112504.25, 8e-05], [112504.26, 8e-05]]}, {"timestamp": 1757063781579, "bids": [[112503.0, 0.34922], [112502.99, 0.0006], [112502.74, 5e-05]], "asks": [[112503.01, 18.519], [112503.02, 0.45062], [112503.44, 0.00016]]}, {"timestamp": 1757063782763, "bids": [[112501.0, 0.03737], [112500.99, 0.0007], [112500.78, 5e-05]], "asks": [[112501.01, 15.02403], [112501.02, 5e-05], [112501.44, 0.00016]]}, {"timestamp": 1757063783044, "bids": [[112496.11, 0.00213], [112496.1, 0.0005], [112496.06, 0.0001]], "asks": [[112496.12, 19.31228], [112496.18, 0.0713], [112496.74, 1.62611]]}, {"timestamp": 1757063783944, "bids": [[112494.84, 0.63517], [112494.83, 0.0006], [112494.34, 0.0001]], "asks": [[112494.85, 18.2249], [112494.91, 8e-05], [112495.04, 8e-05]]}, {"timestamp": 1757063784507, "bids": [[112491.92, 0.70221], [112491.91, 0.00065], [112491.82, 0.0001]], "asks": [[112491.93, 21.64088], [112491.99, 8e-05], [112492.0, 0.0175]]}, {"timestamp": 1757063797634, "bids": [[112487.61, 0.96276], [112487.6, 0.0006], [112487.2, 5e-05]], "asks": [[112487.62, 22.36907], [112487.63, 0.45082], [112488.0, 0.01755]]}, {"timestamp": 1757063805645, "bids": [[112483.01, 0.05513], [112483.0, 0.34782], [112482.48, 5e-05]], "asks": [[112483.02, 17.14012], [112484.17, 5e-05], [112484.18, 0.17835]]}, {"timestamp": 1757063823980, "bids": [[112472.55, 1.01818], [112472.54, 0.0005], [112472.3, 0.00016]], "asks": [[112472.56, 15.78656], [112472.93, 0.06947], [112473.32, 0.0001]]}, {"timestamp": 1757063824262, "bids": [[112465.48, 0.68445], [112465.47, 0.0006], [112465.39, 0.0001]], "asks": [[112465.49, 20.21212], [112466.0, 0.0174], [112466.21, 12.30769]]}, {"timestamp": 1757063824539, "bids": [[112465.48, 0.68965], [112465.47, 0.00065], [112464.01, 0.0001]], "asks": [[112465.49, 20.2656], [112465.99, 0.00016], [112466.0, 0.0175]]}, {"timestamp": 1757063838388, "bids": [[112465.48, 0.49266], [112465.47, 0.0007], [112464.31, 0.0001]], "asks": [[112465.49, 21.08339], [112465.99, 0.00026], [112466.0, 0.0176]]}, {"timestamp": 1757063840648, "bids": [[112465.47, 0.67995], [112465.46, 0.0006], [112464.01, 0.0001]], "asks": [[112465.48, 14.1323], [112465.49, 2.32943], [112465.99, 0.00016]]}, {"timestamp": 1757063842656, "bids": [[112463.0, 0.34964], [112462.99, 0.0006], [112462.68, 5e-05]], "asks": [[112463.01, 15.8143], [112463.02, 0.0005], [112463.21, 10.1502]]}, {"timestamp": 1757063843765, "bids": [[112460.08, 0.42181], [112460.07, 0.0004], [112460.01, 0.0001]], "asks": [[112460.09, 18.19057], [112460.1, 0.0008], [112460.25, 0.00016]]}, {"timestamp": 1757063848314, "bids": [[112447.69, 0.11911], [112447.68, 0.0005], [112447.37, 0.00071]], "asks": [[112447.7, 18.28477], [112447.87, 1.60584], [112447.88, 0.0905]]}, {"timestamp": 1757063848596, "bids": [[112446.2, 0.17124], [112446.19, 0.0007], [112446.18, 0.08917]], "asks": [[112446.21, 22.00197], [112447.2, 0.01362], [112447.53, 8e-05]]}, {"timestamp": 1757063848874, "bids": [[112446.2, 0.17093], [112446.19, 0.00075], [112446.18, 0.08922]], "asks": [[112446.21, 22.10143], [112446.97, 0.0002], [112447.19, 0.00016]]}, {"timestamp": 1757063849154, "bids": [[112444.0, 0.99982], [112443.99, 0.00065], [112443.49, 0.00011]], "asks": [[112444.01, 23.19342], [112444.02, 0.45072], [112445.99, 8e-05]]}, {"timestamp": 1757063869716, "bids": [[112431.45, 2.19412], [112431.44, 0.0005], [112431.09, 0.00016]], "asks": [[112431.46, 21.69331], [112431.89, 7.42184], [112432.0, 0.0174]]}, {"timestamp": 1757063869994, "bids": [[112431.45, 2.12725], [112431.44, 0.0006], [112431.09, 6e-05]], "asks": [[112431.46, 21.83782], [112431.88, 0.00018], [112431.89, 0.2018]]}, {"timestamp": 1757063877010, "bids": [[112410.15, 0.07136], [112410.14, 0.0007], [112410.0, 0.00023]], "asks": [[112410.16, 16.51037], [112410.41, 0.06923], [112410.88, 0.0001]]}, {"timestamp": 1757063877301, "bids": [[112410.15, 0.07156], [112410.14, 0.0008], [112410.01, 0.0001]], "asks": [[112410.16, 15.8495], [112410.88, 0.0001], [112410.89, 0.35345]]}, {"timestamp": 1757063880539, "bids": [[112410.15, 5.18378], [112410.14, 0.00075], [112410.01, 0.0001]], "asks": [[112410.16, 9.99147], [112410.71, 0.0001], [112410.72, 0.0002]]}, {"timestamp": 1757063881348, "bids": [[112410.15, 6.49933], [112410.01, 0.0001], [112410.0, 0.01776]], "asks": [[112410.16, 1.12625], [112410.17, 0.07003], [112410.89, 0.0001]]}, {"timestamp": 1757063881626, "bids": [[112411.35, 14.31648], [112411.11, 0.0001], [112410.89, 0.0001]], "asks": [[112411.36, 0.99421], [112411.37, 0.0007], [112411.79, 0.29354]]}, {"timestamp": 1757063883082, "bids": [[112411.35, 3.63688], [112410.2, 0.0001], [112410.19, 0.0001]], "asks": [[112411.36, 5.80258], [112411.37, 0.00085], [112411.77, 0.0001]]}, {"timestamp": 1757063906375, "bids": [[112410.17, 0.70489], [112410.16, 0.00074], [112410.15, 0.00023]], "asks": [[112410.18, 15.47299], [112410.19, 0.00025], [112411.06, 0.00016]]}, {"timestamp": 1757063922830, "bids": [[112410.17, 0.1326], [112410.16, 0.00064], [112410.15, 0.00023]], "asks": [[112410.18, 7.12695], [112410.19, 0.0332], [112410.97, 0.00016]]}, {"timestamp": 1757063930108, "bids": [[112403.7, 0.69704], [112403.69, 0.00045], [112403.68, 0.0001]], "asks": [[112403.71, 21.38215], [112403.72, 0.0006], [112404.0, 0.0176]]}, {"timestamp": 1757063947930, "bids": [[112400.06, 0.04794], [112400.05, 0.00045], [112400.01, 0.0001]], "asks": [[112400.07, 16.5079], [112400.12, 0.0583], [112402.0, 5.67182]]}, {"timestamp": 1757063948223, "bids": [[112400.0, 0.38318], [112399.99, 0.0006], [112399.98, 0.0001]], "asks": [[112400.01, 14.9323], [112400.02, 0.45072], [112400.06, 0.15826]]}, {"timestamp": 1757063948957, "bids": [[112400.0, 0.31895], [112399.99, 0.0008], [112399.98, 5e-05]], "asks": [[112400.01, 13.77255], [112400.02, 0.49519], [112400.05, 8e-05]]}, {"timestamp": 1757063949241, "bids": [[112399.22, 0.11201], [112399.21, 0.0005], [112398.54, 0.00154]], "asks": [[112399.23, 20.04359], [112399.26, 8e-05], [112399.27, 0.05788]]}, {"timestamp": 1757063952909, "bids": [[112397.58, 0.00089], [112397.57, 0.0005], [112397.26, 0.00573]], "asks": [[112397.59, 15.41125], [112397.6, 0.00035], [112397.64, 0.07006]]}, {"timestamp": 1757063953190, "bids": [[112397.58, 0.00657], [112397.57, 0.0007], [112397.26, 5e-05]], "asks": [[112397.59, 15.45167], [112397.62, 0.0002], [112397.85, 0.76348]]}, {"timestamp": 1757063953471, "bids": [[112396.93, 0.10987], [112396.92, 0.00072], [112396.82, 0.00119]], "asks": [[112396.94, 11.52188], [112397.56, 1.62081], [112397.57, 0.0002]]}, {"timestamp": 1757063956540, "bids": [[112394.0, 0.06585], [112393.99, 0.0005], [112393.75, 0.0001]], "asks": [[112394.01, 18.62433], [112394.02, 0.0006], [112394.38, 5e-05]]}, {"timestamp": 1757063956819, "bids": [[112390.59, 0.00025], [112390.58, 0.0001], [112390.26, 0.00099]], "asks": [[112390.6, 18.64488], [112390.61, 0.0005], [112390.63, 0.0776]]}, {"timestamp": 1757063957103, "bids": [[112388.55, 0.22816], [112388.54, 0.00015], [112388.23, 0.00079]], "asks": [[112388.56, 18.74565], [112388.57, 0.0006], [112388.88, 8e-05]]}, {"timestamp": 1757063958527, "bids": [[112381.6, 0.15658], [112381.59, 0.0005], [112381.5, 0.0002]], "asks": [[112381.61, 15.43767], [112381.84, 0.0905], [112382.0, 0.0174]]}, {"timestamp": 1757063958802, "bids": [[112381.6, 0.17409], [112381.59, 0.0006], [112381.5, 0.0001]], "asks": [[112381.61, 15.96726], [112381.84, 0.0907], [112382.0, 0.0176]]}, {"timestamp": 1757063959080, "bids": [[112377.3, 0.00537], [112377.29, 0.0005], [112376.62, 5e-05]], "asks": [[112377.31, 16.44372], [112377.36, 0.08217], [112377.52, 5e-05]]}, {"timestamp": 1757063959485, "bids": [[112375.0, 0.16912], [112374.99, 0.0007], [112374.58, 0.00019]], "asks": [[112375.01, 17.37761], [112375.15, 3.73317], [112375.16, 0.83912]]}, {"timestamp": 1757063960339, "bids": [[112367.23, 0.67029], [112367.22, 0.00075], [112366.94, 0.00027]], "asks": [[112367.24, 14.8381], [112367.58, 8e-05], [112367.59, 0.00018]]}, {"timestamp": 1757063964906, "bids": [[112366.05, 0.00125], [112366.04, 0.0006], [112366.0, 0.0001]], "asks": [[112366.06, 18.72072], [112366.07, 0.0002], [112366.28, 5e-05]]}, {"timestamp": 1757063965481, "bids": [[112364.41, 0.0177], [112364.4, 0.0005], [112364.0, 0.0031]], "asks": [[112364.42, 18.30128], [112365.76, 0.855], [112366.0, 0.0174]]}, {"timestamp": 1757063969269, "bids": [[112361.67, 0.06526], [112361.66, 0.0005], [112361.64, 0.0001]], "asks": [[112361.68, 19.61406], [112361.69, 5.86962], [112362.0, 0.0174]]}, {"timestamp": 1757063969552, "bids": [[112361.67, 0.06568], [112361.66, 0.0006], [112361.64, 5e-05]], "asks": [[112361.68, 20.54105], [112361.69, 1.88744], [112361.89, 0.5333]]}, {"timestamp": 1757063970126, "bids": [[112360.0, 0.01396], [112359.99, 0.0006], [112359.87, 8e-05]], "asks": [[112360.01, 21.62122], [112360.02, 6.34402], [112360.03, 1.32976]]}, {"timestamp": 1757063970415, "bids": [[112359.78, 0.1083], [112359.77, 0.0005], [112359.44, 7e-05]], "asks": [[112359.79, 15.9252], [112359.8, 0.48962], [112359.88, 0.03755]]}, {"timestamp": 1757063972662, "bids": [[112353.76, 0.10135], [112353.68, 0.0001], [112353.63, 0.0001]], "asks": [[112353.77, 2.80594], [112354.33, 12.97097], [112354.66, 0.0401]]}, {"timestamp": 1757063972941, "bids": [[112353.76, 0.00145], [112353.75, 0.0006], [112353.68, 0.0001]], "asks": [[112353.77, 17.2114], [112354.0, 0.0176], [112354.31, 0.22621]]}, {"timestamp": 1757063973778, "bids": [[112353.75, 0.1059], [112353.74, 0.00075], [112353.68, 0.00015]], "asks": [[112353.76, 18.67381], [112353.77, 1.08595], [112353.79, 8e-05]]}, {"timestamp": 1757063974671, "bids": [[112353.75, 4.28015], [112353.74, 0.00015], [112353.34, 5e-05]], "asks": [[112353.76, 4.27087], [112353.77, 0.00603], [112353.8, 0.0202]]}, {"timestamp": 1757063981236, "bids": [[112353.75, 5.27599], [112353.65, 0.0001], [112353.64, 0.17819]], "asks": [[112353.76, 5.7744], [112353.77, 0.00598], [112353.79, 0.0001]]}, {"timestamp": 1757063987524, "bids": [[112353.75, 0.21061], [112353.74, 0.00025], [112353.47, 0.0647]], "asks": [[112353.76, 8.55269], [112353.77, 0.03252], [112353.8, 0.0202]]}, {"timestamp": 1757064001319, "bids": [[112347.27, 0.00073], [112347.26, 0.00103], [112346.96, 0.00015]], "asks": [[112347.28, 14.41325], [112347.29, 0.08823], [112347.55, 1.34304]]}, {"timestamp": 1757064001598, "bids": [[112346.95, 0.09701], [112346.94, 0.00045], [112346.9, 5e-05]], "asks": [[112346.96, 17.59374], [112346.97, 0.03805], [112347.0, 0.0202]]}, {"timestamp": 1757064007378, "bids": [[112336.57, 2.30991], [112336.56, 0.0005], [112336.55, 5e-05]], "asks": [[112336.58, 10.68668], [112336.59, 0.0007], [112336.6, 0.0202]]}, {"timestamp": 1757064029747, "bids": [[112334.75, 0.03561], [112334.74, 0.00077], [112334.58, 5e-05]], "asks": [[112334.76, 18.996], [112334.77, 0.03735], [112335.0, 0.34482]]}, {"timestamp": 1757064030042, "bids": [[112332.92, 0.11708], [112332.91, 0.0005], [112332.82, 0.00011]], "asks": [[112332.93, 16.45862], [112333.07, 0.17264], [112333.1, 0.0001]]}, {"timestamp": 1757064030322, "bids": [[112331.31, 1.07802], [112331.3, 0.0005], [112331.0, 8e-05]], "asks": [[112331.32, 22.6867], [112331.33, 0.0907], [112331.34, 0.0001]]}, {"timestamp": 1757064036070, "bids": [[112334.86, 15.27601], [112334.85, 2.02891], [112334.74, 0.08009]], "asks": [[112334.87, 0.87323], [112334.88, 0.0006], [112335.63, 5e-05]]}, {"timestamp": 1757064054894, "bids": [[112347.8, 12.26567], [112347.1, 0.0001], [112346.67, 0.04041]], "asks": [[112347.81, 0.90428], [112347.82, 0.0006], [112348.51, 0.0001]]}, {"timestamp": 1757064061421, "bids": [[112347.8, 15.02079], [112347.79, 0.00015], [112347.4, 0.03272]], "asks": [[112347.81, 0.50194], [112347.82, 0.03518], [112348.27, 5e-05]]}, {"timestamp": 1757064075714, "bids": [[112358.71, 9.50094], [112358.61, 0.13935], [112358.52, 0.0001]], "asks": [[112358.72, 0.65394], [112358.73, 0.0005], [112358.89, 0.0001]]}, {"timestamp": 1757064075997, "bids": [[112358.71, 10.19882], [112358.62, 0.0001], [112358.61, 0.13955]], "asks": [[112358.72, 0.96097], [112358.73, 0.0006], [112359.37, 0.0001]]}, {"timestamp": 1757064077142, "bids": [[112360.8, 17.24109], [112360.66, 5e-05], [112360.2, 0.0001]], "asks": [[112360.81, 0.202], [112360.82, 0.00065], [112361.41, 0.0001]]}, {"timestamp": 1757064103508, "bids": [[112357.69, 0.54293], [112357.68, 0.0006], [112357.04, 0.0001]], "asks": [[112357.7, 15.19923], [112357.82, 0.53402], [112358.0, 0.0109]]}, {"timestamp": 1757064104628, "bids": [[112351.49, 0.74164], [112351.48, 0.0006], [112350.74, 0.0001]], "asks": [[112351.5, 20.3594], [112351.51, 5e-05], [112351.9, 0.03735]]}, {"timestamp": 1757064105202, "bids": [[112346.99, 0.0007], [112346.98, 0.00055], [112346.7, 0.0001]], "asks": [[112347.0, 15.64149], [112347.06, 0.04905], [112347.48, 0.03735]]}, {"timestamp": 1757064105481, "bids": [[112342.76, 0.60337], [112342.75, 0.0006], [112341.81, 5e-05]], "asks": [[112342.77, 21.08239], [112343.48, 2.25803], [112343.49, 0.0002]]}, {"timestamp": 1757064105814, "bids": [[112338.33, 0.98246], [112338.32, 0.00065], [112337.06, 5e-05]], "asks": [[112338.34, 19.17896], [112338.35, 0.0907], [112338.37, 8e-05]]}, {"timestamp": 1757064107165, "bids": [[112331.31, 1.45542], [112331.3, 0.0005], [112331.29, 0.0001]], "asks": [[112331.32, 20.4375], [112332.0, 0.0109], [112332.56, 5e-05]]}, {"timestamp": 1757064111714, "bids": [[112316.62, 0.71991], [112316.61, 0.00065], [112316.6, 0.00013]], "asks": [[112316.63, 18.33053], [112317.06, 0.0022], [112317.46, 0.0001]]}, {"timestamp": 1757064111990, "bids": [[112313.4, 0.60156], [112313.39, 0.0006], [112313.2, 0.00015]], "asks": [[112313.41, 13.87467], [112313.47, 0.06619], [112314.0, 0.0109]]}, {"timestamp": 1757064112267, "bids": [[112304.67, 1.55113], [112304.66, 0.0005], [112304.63, 8e-05]], "asks": [[112304.68, 20.27188], [112305.4, 0.0402], [112306.0, 0.0111]]}, {"timestamp": 1757064116258, "bids": [[112301.64, 0.03707], [112301.63, 0.0005], [112301.58, 0.0001]], "asks": [[112301.65, 23.16379], [112302.0, 0.0109], [112304.46, 5e-05]]}, {"timestamp": 1757064116536, "bids": [[112290.81, 0.10101], [112290.8, 0.0005], [112290.79, 0.0003]], "asks": [[112290.82, 22.1174], [112290.88, 0.94908], [112290.93, 5e-05]]}, {"timestamp": 1757064120240, "bids": [[112293.99, 13.51419], [112293.84, 0.009], [112293.22, 5e-05]], "asks": [[112294.0, 0.00187], [112294.01, 0.0006], [112294.51, 0.0001]]}, {"timestamp": 1757064120518, "bids": [[112298.71, 0.68915], [112298.7, 0.0004], [112298.06, 0.0001]], "asks": [[112298.72, 15.91487], [112298.84, 5e-05], [112299.99, 0.0002]]}, {"timestamp": 1757064122260, "bids": [[112298.05, 0.6404], [112298.04, 0.0006], [112294.0, 0.0001]], "asks": [[112298.06, 14.3792], [112298.07, 0.855], [112298.71, 5.38999]]}, {"timestamp": 1757064122543, "bids": [[112293.99, 0.05025], [112293.98, 0.0006], [112292.47, 5e-05]], "asks": [[112294.0, 12.79245], [112294.01, 0.29385], [112296.2, 0.32055]]}, {"timestamp": 1757064123585, "bids": [[112271.59, 1.04241], [112271.58, 0.0006], [112271.55, 0.0001]], "asks": [[112271.6, 21.64609], [112271.65, 0.59667], [112271.66, 0.3845]]}, {"timestamp": 1757064124437, "bids": [[112250.7, 3.58533], [112250.69, 0.00055], [112250.43, 6e-05]], "asks": [[112250.71, 10.27839], [112250.88, 0.0001], [112250.89, 0.0002]]}, {"timestamp": 1757064127565, "bids": [[112239.2, 1.7118], [112239.19, 0.0005], [112239.17, 0.0001]], "asks": [[112239.21, 14.39181], [112239.22, 1.20342], [112239.25, 0.02]]}, {"timestamp": 1757064127844, "bids": [[112239.2, 2.91618], [112239.19, 0.0006], [112239.12, 0.00039]], "asks": [[112239.21, 14.5356], [112239.22, 0.00055], [112239.24, 0.0001]]}, {"timestamp": 1757064129015, "bids": [[112238.91, 0.0465], [112238.9, 0.00065], [112238.48, 5e-05]], "asks": [[112238.92, 18.50881], [112239.12, 0.28788], [112239.13, 0.45072]]}, {"timestamp": 1757064137393, "bids": [[112269.25, 0.58908], [112269.24, 0.0001], [112266.82, 0.0001]], "asks": [[112269.26, 3.97753], [112269.98, 0.00016], [112269.99, 0.0001]]}, {"timestamp": 1757064142616, "bids": [[112278.14, 9.09385], [112277.96, 0.0436], [112277.69, 0.0001]], "asks": [[112278.15, 1.49983], [112278.16, 0.04523], [112278.29, 8e-05]]}, {"timestamp": 1757064150077, "bids": [[112293.24, 4.53803], [112293.11, 0.05594], [112292.59, 0.0001]], "asks": [[112293.25, 1.74141], [112293.26, 0.00015], [112293.91, 0.41141]]}, {"timestamp": 1757064150354, "bids": [[112293.24, 4.53778], [112293.12, 0.0001], [112293.11, 0.05614]], "asks": [[112293.25, 1.74005], [112293.26, 0.00023], [112293.88, 8e-05]]}, {"timestamp": 1757064150923, "bids": [[112299.99, 7.46145], [112299.44, 0.0001], [112298.0, 0.0001]], "asks": [[112300.0, 1.14314], [112300.01, 0.00025], [112300.64, 0.0001]]}, {"timestamp": 1757064151820, "bids": [[112311.03, 8.81928], [112311.02, 0.0001], [112310.63, 0.0001]], "asks": [[112311.04, 1.17522], [112311.05, 0.00048], [112311.52, 8e-05]]}, {"timestamp": 1757064152397, "bids": [[112315.19, 11.20002], [112314.84, 0.0001], [112314.77, 0.0001]], "asks": [[112315.2, 0.60103], [112315.21, 0.0006], [112315.55, 0.0001]]}, {"timestamp": 1757064153240, "bids": [[112321.07, 11.77534], [112320.77, 0.0001], [112320.0, 5e-05]], "asks": [[112321.08, 0.66078], [112321.09, 0.0005], [112321.47, 0.0001]]}, {"timestamp": 1757064153803, "bids": [[112338.37, 5.87694], [112338.17, 0.0001], [112337.08, 0.04035]], "asks": [[112338.38, 0.98367], [112338.39, 0.15427], [112338.4, 5e-05]]}, {"timestamp": 1757064154080, "bids": [[112340.11, 8.102], [112340.0, 0.0001], [112339.99, 0.537]], "asks": [[112340.12, 1.00173], [112340.13, 0.0006], [112340.26, 8e-05]]}, {"timestamp": 1757064154639, "bids": [[112345.38, 6.59169], [112345.32, 0.0001], [112345.31, 0.05419]], "asks": [[112345.39, 1.6938], [112345.4, 0.00045], [112345.56, 0.0001]]}, {"timestamp": 1757064156049, "bids": [[112350.04, 6.74357], [112350.01, 0.0001], [112350.0, 0.02015]], "asks": [[112350.05, 3.36745], [112350.06, 0.00025], [112350.17, 0.0001]]}, {"timestamp": 1757064165538, "bids": [[112366.64, 6.87425], [112365.45, 0.04232], [112363.97, 0.00043]], "asks": [[112366.65, 3.64128], [112366.66, 0.0005], [112366.67, 0.82033]]}, {"timestamp": 1757064165826, "bids": [[112366.64, 5.88352], [112365.47, 0.00154], [112365.46, 0.0001]], "asks": [[112366.65, 3.66308], [112366.66, 0.04517], [112366.67, 0.53197]]}, {"timestamp": 1757064168747, "bids": [[112353.94, 1.13464], [112353.93, 0.00055], [112353.89, 0.0001]], "asks": [[112353.95, 19.41129], [112354.0, 0.01108], [112354.09, 0.0001]]}, {"timestamp": 1757064169907, "bids": [[112366.64, 12.0328], [112365.99, 2.34742], [112365.73, 0.06487]], "asks": [[112366.65, 0.25769], [112366.66, 0.0005], [112366.7, 0.00534]]}, {"timestamp": 1757064170192, "bids": [[112371.99, 11.76944], [112370.81, 0.0001], [112370.8, 1.60011]], "asks": [[112372.0, 0.38414], [112372.01, 0.00065], [112372.13, 8e-05]]}, {"timestamp": 1757064174263, "bids": [[112373.99, 9.28661], [112373.98, 1.31534], [112373.16, 0.06955]], "asks": [[112374.0, 0.09293], [112374.01, 0.0006], [112375.33, 5e-05]]}, {"timestamp": 1757064174539, "bids": [[112383.66, 10.47572], [112383.56, 0.0001], [112383.55, 1.54495]], "asks": [[112383.67, 0.35215], [112383.68, 0.0006], [112384.0, 0.00265]]}, {"timestamp": 1757064177422, "bids": [[112383.66, 1.20455], [112383.65, 0.0005], [112383.18, 5e-05]], "asks": [[112383.67, 7.7465], [112383.99, 0.0001], [112384.0, 0.01365]]}, {"timestamp": 1757064177709, "bids": [[112374.78, 0.0001], [112374.74, 0.00222], [112374.0, 0.0001]], "asks": [[112374.79, 1.33453], [112375.24, 0.44182], [112376.15, 0.0163]]}, {"timestamp": 1757064178029, "bids": [[112371.99, 0.65893], [112371.98, 0.0006], [112371.94, 0.0001]], "asks": [[112372.0, 16.7859], [112372.12, 0.74443], [112372.14, 0.0001]]}, {"timestamp": 1757064178873, "bids": [[112367.16, 0.66723], [112367.15, 0.0006], [112367.06, 0.0001]], "asks": [[112367.17, 17.94924], [112367.36, 0.0001], [112367.73, 0.53402]]}, {"timestamp": 1757064181723, "bids": [[112362.13, 0.85367], [112362.12, 0.00085], [112361.69, 5e-05]], "asks": [[112362.14, 13.91415], [112364.0, 0.0109], [112365.17, 0.32035]]}, {"timestamp": 1757064182053, "bids": [[112362.13, 0.85657], [112362.12, 0.0005], [112361.98, 0.0001]], "asks": [[112362.14, 13.96096], [112362.15, 0.00045], [112362.38, 0.0001]]}, {"timestamp": 1757064184833, "bids": [[112357.06, 0.94356], [112357.05, 0.00055], [112356.86, 0.0001]], "asks": [[112357.07, 16.80527], [112357.08, 0.00035], [112357.36, 0.0001]]}, {"timestamp": 1757064185386, "bids": [[112354.49, 0.10788], [112354.48, 0.00065], [112354.24, 0.0001]], "asks": [[112354.5, 16.71582], [112354.78, 0.0001], [112355.04, 5e-05]]}, {"timestamp": 1757064185679, "bids": [[112350.52, 0.71767], [112350.51, 0.0005], [112350.3, 0.00015]], "asks": [[112350.53, 15.82683], [112352.0, 0.0109], [112352.66, 0.32039]]}, {"timestamp": 1757064185956, "bids": [[112350.52, 0.70478], [112350.51, 0.00045], [112350.3, 5e-05]], "asks": [[112350.53, 18.10084], [112350.92, 0.0001], [112352.0, 0.0111]]}, {"timestamp": 1757064187675, "bids": [[112346.72, 0.09474], [112346.71, 0.0006], [112346.37, 0.0001]], "asks": [[112346.73, 16.19612], [112346.74, 0.29391], [112347.17, 0.0001]]}, {"timestamp": 1757064187959, "bids": [[112336.02, 1.82418], [112336.01, 0.0003], [112335.62, 0.0001]], "asks": [[112336.03, 10.01882], [112336.14, 0.0001], [112336.15, 0.29403]]}, {"timestamp": 1757064191798, "bids": [[112334.86, 1.29669], [112334.85, 0.0004], [112334.75, 5e-05]], "asks": [[112334.87, 16.6041], [112334.88, 0.01248], [112335.41, 0.0001]]}, {"timestamp": 1757064192489, "bids": [[112329.52, 0.68981], [112329.51, 0.0003], [112329.04, 5e-05]], "asks": [[112329.53, 13.23118], [112329.85, 0.95979], [112329.86, 0.63854]]}, {"timestamp": 1757064192762, "bids": [[112323.86, 0.93422], [112323.85, 0.0005], [112323.35, 5e-05]], "asks": [[112323.87, 14.80598], [112324.0, 0.01105], [112324.51, 0.0001]]}, {"timestamp": 1757064194468, "bids": [[112317.85, 0.0849], [112317.84, 0.0005], [112317.25, 0.0001]], "asks": [[112317.86, 11.77707], [112318.0, 0.97783], [112318.01, 1.88682]]}, {"timestamp": 1757064195401, "bids": [[112311.84, 0.79747], [112311.83, 0.00045], [112311.19, 0.0001]], "asks": [[112311.85, 16.00947], [112311.86, 0.01243], [112311.99, 0.0001]]}, {"timestamp": 1757064199761, "bids": [[112304.42, 1.14942], [112304.41, 0.0005], [112303.72, 0.0001]], "asks": [[112304.43, 15.3774], [112304.44, 0.04536], [112304.83, 0.03985]]}, {"timestamp": 1757064201197, "bids": [[112297.57, 1.0644], [112297.56, 0.03288], [112297.47, 0.00022]], "asks": [[112297.58, 14.65998], [112297.59, 0.0001], [112297.64, 0.0103]]}, {"timestamp": 1757064201474, "bids": [[112297.57, 0.92196], [112297.56, 0.03293], [112297.43, 0.0001]], "asks": [[112297.58, 15.04226], [112297.64, 0.0002], [112297.71, 0.1493]]}, {"timestamp": 1757064207405, "bids": [[112293.24, 0.96923], [112293.23, 0.0006], [112292.81, 0.00018]], "asks": [[112293.25, 13.89094], [112294.0, 0.0109], [112294.08, 0.04377]]}, {"timestamp": 1757064211502, "bids": [[112291.55, 0.00168], [112291.54, 0.0006], [112289.39, 5e-05]], "asks": [[112291.56, 13.82887], [112291.57, 1.21661], [112291.58, 1.91778]]}, {"timestamp": 1757064211806, "bids": [[112286.01, 0.99122], [112286.0, 0.0006], [112285.89, 0.00148]], "asks": [[112286.02, 8.49535], [112286.03, 0.0003], [112287.15, 0.04062]]}, {"timestamp": 1757064214653, "bids": [[112272.94, 1.11273], [112272.93, 0.0005], [112271.37, 0.0001]], "asks": [[112272.95, 12.37004], [112273.04, 0.50975], [112273.05, 0.0002]]}, {"timestamp": 1757064215126, "bids": [[112272.94, 1.49598], [112272.93, 0.0006], [112270.13, 5e-05]], "asks": [[112272.95, 12.53222], [112273.03, 0.0001], [112273.04, 0.36899]]}, {"timestamp": 1757064235810, "bids": [[112283.57, 10.72332], [112282.55, 0.06962], [112282.0, 0.0109]], "asks": [[112283.58, 2.86228], [112283.59, 0.53462], [112283.81, 0.4209]]}, {"timestamp": 1757064236841, "bids": [[112283.81, 8.36237], [112283.8, 0.05643], [112283.61, 0.0001]], "asks": [[112283.82, 1.25491], [112283.83, 0.00055], [112284.0, 5e-05]]}, {"timestamp": 1757064242291, "bids": [[112283.81, 9.69783], [112283.8, 0.05643], [112283.77, 0.03246]], "asks": [[112283.82, 0.15347], [112283.83, 0.00065], [112284.0, 5e-05]]}, {"timestamp": 1757064242576, "bids": [[112288.85, 12.41797], [112288.84, 1.61011], [112288.15, 0.0001]], "asks": [[112288.86, 0.85969], [112288.87, 0.0006], [112289.65, 0.0001]]}, {"timestamp": 1757064242875, "bids": [[112303.85, 11.60223], [112303.4, 0.04019], [112302.56, 0.0397]], "asks": [[112303.86, 1.65207], [112303.87, 0.00035], [112304.42, 0.0001]]}, {"timestamp": 1757064243163, "bids": [[112303.85, 11.75187], [112303.2, 0.0001], [112303.18, 0.0001]], "asks": [[112303.86, 1.05936], [112303.87, 0.0005], [112304.53, 0.0001]]}, {"timestamp": 1757064256208, "bids": [[112311.68, 10.34096], [112311.67, 0.13665], [112311.08, 0.0001]], "asks": [[112311.69, 0.96095], [112311.7, 0.0005], [112311.84, 0.0001]]}, {"timestamp": 1757064256808, "bids": [[112311.68, 10.96864], [112311.67, 0.13685], [112311.52, 0.0001]], "asks": [[112311.69, 0.82445], [112311.7, 0.0007], [112311.72, 0.0001]]}, {"timestamp": 1757064257086, "bids": [[112315.79, 11.9147], [112315.7, 5e-05], [112315.24, 0.0001]], "asks": [[112315.8, 0.85006], [112315.81, 0.0006], [112316.44, 0.0001]]}, {"timestamp": 1757064258825, "bids": [[112315.79, 6.83951], [112315.24, 0.0001], [112314.01, 0.0001]], "asks": [[112315.8, 4.90584], [112315.81, 0.0008], [112315.99, 0.0001]]}, {"timestamp": 1757064274156, "bids": [[112292.97, 4.01913], [112292.96, 0.00045], [112292.79, 0.05424]], "asks": [[112292.98, 10.29997], [112293.02, 0.0001], [112293.03, 0.06393]]}, {"timestamp": 1757064277307, "bids": [[112301.61, 13.24052], [112301.6, 0.0001], [112301.16, 0.0001]], "asks": [[112301.62, 1.43073], [112301.63, 0.0005], [112302.36, 0.0001]]}, {"timestamp": 1757064280979, "bids": [[112303.86, 10.72087], [112303.85, 0.60479], [112302.28, 9.07735]], "asks": [[112303.87, 0.04561], [112303.88, 0.0006], [112304.24, 0.0001]]}, {"timestamp": 1757064281262, "bids": [[112314.12, 6.26054], [112314.09, 0.00137], [112314.01, 0.0001]], "asks": [[112314.13, 4.21638], [112314.14, 0.0003], [112314.73, 0.04542]]}, {"timestamp": 1757064286193, "bids": [[112314.12, 5.12161], [112314.11, 0.02481], [112314.09, 0.0001]], "asks": [[112314.13, 1.38884], [112314.14, 0.0006], [112314.57, 0.0001]]}, {"timestamp": 1757064301673, "bids": [[112323.8, 10.06295], [112323.79, 0.00015], [112323.25, 0.0001]], "asks": [[112323.81, 2.38344], [112323.82, 0.0005], [112324.42, 0.0001]]}, {"timestamp": 1757064323908, "bids": [[112338.65, 10.89285], [112338.25, 0.0001], [112338.0, 0.0109]], "asks": [[112338.66, 0.00279], [112338.67, 0.0005], [112338.84, 0.00018]]}, {"timestamp": 1757064324195, "bids": [[112348.01, 9.72772], [112348.0, 0.0111], [112347.99, 0.03274]], "asks": [[112348.02, 1.18708], [112348.03, 0.03982], [112348.35, 0.0001]]}, {"timestamp": 1757064324479, "bids": [[112348.01, 1.07261], [112348.0, 0.00015], [112347.99, 0.03299]], "asks": [[112348.02, 9.47638], [112348.03, 0.03927], [112348.04, 0.06923]]}, {"timestamp": 1757064326187, "bids": [[112338.0, 0.60287], [112337.99, 0.00065], [112337.6, 0.0001]], "asks": [[112338.01, 13.13655], [112338.18, 5e-05], [112338.42, 0.0001]]}, {"timestamp": 1757064329915, "bids": [[112333.22, 0.00018], [112333.1, 5e-05], [112332.56, 0.00053]], "asks": [[112333.23, 0.59938], [112334.76, 2.25904], [112334.9, 9.34912]]}, {"timestamp": 1757064331053, "bids": [[112323.8, 0.20371], [112323.79, 0.0006], [112323.3, 0.0001]], "asks": [[112323.81, 18.00209], [112323.82, 5e-05], [112324.0, 0.0109]]}, {"timestamp": 1757064331352, "bids": [[112323.8, 0.03845], [112323.79, 0.00065], [112323.47, 5e-05]], "asks": [[112323.81, 19.39677], [112324.0, 0.0111], [112324.37, 0.0001]]}, {"timestamp": 1757064331632, "bids": [[112320.0, 0.61913], [112319.99, 0.0006], [112319.4, 0.0001]], "asks": [[112320.01, 17.16465], [112320.11, 0.06958], [112320.31, 0.0905]]}, {"timestamp": 1757064332459, "bids": [[112315.7, 0.99391], [112315.69, 0.0006], [112315.05, 0.0001]], "asks": [[112315.71, 14.9502], [112315.77, 0.01678], [112316.0, 0.01105]]}, {"timestamp": 1757064332739, "bids": [[112306.43, 0.48277], [112306.42, 0.0006], [112306.24, 5e-05]], "asks": [[112306.44, 16.34393], [112307.16, 0.0001], [112307.57, 0.04013]]}, {"timestamp": 1757064333018, "bids": [[112306.43, 0.47391], [112306.42, 0.00065], [112305.73, 0.0001]], "asks": [[112306.44, 16.35145], [112307.15, 0.0001], [112307.24, 0.53421]]}, {"timestamp": 1757064333308, "bids": [[112301.34, 0.04786], [112301.33, 0.0006], [112301.32, 5e-05]], "asks": [[112301.35, 14.11867], [112301.36, 0.09065], [112302.0, 0.60197]]}, {"timestamp": 1757064333896, "bids": [[112291.36, 1.11503], [112291.35, 0.0007], [112291.34, 0.10702]], "asks": [[112291.37, 13.20886], [112291.38, 0.0905], [112292.0, 0.0109]]}, {"timestamp": 1757064336716, "bids": [[112291.34, 0.2467], [112291.33, 0.0005], [112290.78, 5e-05]], "asks": [[112291.35, 10.97536], [112291.36, 6.28337], [112291.37, 2.31506]]}, {"timestamp": 1757064338410, "bids": [[112287.97, 0.00916], [112287.96, 0.0001], [112285.08, 5e-05]], "asks": [[112287.98, 5.06433], [112288.83, 0.01549], [112289.59, 0.138]]}, {"timestamp": 1757064339485, "bids": [[112287.96, 0.91246], [112287.95, 0.00085], [112286.01, 0.0001]], "asks": [[112287.97, 13.94997], [112287.98, 1.30233], [112288.0, 0.0111]]}, {"timestamp": 1757064343756, "bids": [[112281.4, 0.06049], [112281.39, 0.0006], [112281.08, 0.00015]], "asks": [[112281.41, 12.96398], [112281.78, 0.0002], [112281.98, 5e-05]]}, {"timestamp": 1757064344055, "bids": [[112272.95, 0.63167], [112272.94, 0.00973], [112272.29, 0.00018]], "asks": [[112272.96, 11.99977], [112273.15, 0.06437], [112273.16, 0.21827]]}, {"timestamp": 1757064344362, "bids": [[112272.95, 0.63139], [112272.94, 0.00968], [112271.59, 0.0005]], "asks": [[112272.96, 12.47573], [112273.14, 5e-05], [112273.15, 0.55036]]}, {"timestamp": 1757064345231, "bids": [[112267.76, 1.29777], [112267.75, 0.0005], [112266.63, 0.0001]], "asks": [[112267.77, 11.43312], [112267.88, 0.06961], [112268.0, 0.0109]]}, {"timestamp": 1757064400985, "bids": [[112271.11, 11.41064], [112271.1, 1.29504], [112270.74, 5e-05]], "asks": [[112271.12, 0.75719], [112271.13, 0.0005], [112272.0, 5e-05]]}, {"timestamp": 1757064401271, "bids": [[112275.17, 12.58547], [112274.01, 0.0001], [112274.0, 0.0111]], "asks": [[112275.18, 1.19741], [112275.19, 0.00055], [112275.51, 0.0001]]}, {"timestamp": 1757064401557, "bids": [[112271.19, 0.0007], [112271.18, 0.0006], [112271.12, 0.0001]], "asks": [[112271.2, 22.0195], [112271.21, 0.75192], [112271.62, 0.27611]]}, {"timestamp": 1757064401838, "bids": [[112261.14, 0.96937], [112261.13, 0.0006], [112260.69, 0.00056]], "asks": [[112261.15, 12.92553], [112262.0, 0.01115], [112262.28, 0.04013]]}, {"timestamp": 1757064403863, "bids": [[112258.41, 0.7236], [112258.4, 0.0006], [112258.01, 0.0001]], "asks": [[112258.42, 14.63653], [112258.43, 6.0514], [112258.96, 0.0401]]}, {"timestamp": 1757064404701, "bids": [[112250.0, 0.99746], [112249.99, 0.00065], [112249.36, 5e-05]], "asks": [[112250.01, 17.65247], [112250.02, 0.04454], [112250.67, 0.04139]]}, {"timestamp": 1757064411570, "bids": [[112240.0, 0.67368], [112239.99, 0.0005], [112239.32, 5e-05]], "asks": [[112240.01, 15.75984], [112241.51, 0.81883], [112241.7, 5e-05]]}, {"timestamp": 1757064413546, "bids": [[112239.96, 0.71413], [112239.95, 0.0006], [112239.92, 0.0001]], "asks": [[112239.97, 14.63497], [112239.98, 0.44513], [112239.99, 1.93174]]}, {"timestamp": 1757064414388, "bids": [[112239.91, 0.03043], [112239.9, 0.0006], [112238.93, 5e-05]], "asks": [[112239.92, 16.80922], [112239.96, 6.20196], [112239.97, 0.23518]]}, {"timestamp": 1757064414668, "bids": [[112231.61, 1.87569], [112231.6, 0.02643], [112231.5, 0.00067]], "asks": [[112231.62, 10.6765], [112231.99, 0.0001], [112232.0, 0.01125]]}, {"timestamp": 1757064417244, "bids": [[112226.44, 0.79538], [112226.43, 0.0006], [112226.28, 5e-05]], "asks": [[112226.45, 11.01131], [112226.71, 0.0001], [112226.72, 0.43498]]}, {"timestamp": 1757064419784, "bids": [[112224.0, 0.64366], [112223.99, 0.0006], [112223.8, 0.00011]], "asks": [[112224.01, 19.37288], [112225.77, 0.00016], [112225.78, 5e-05]]}, {"timestamp": 1757064421649, "bids": [[112201.72, 2.75517], [112201.71, 0.0005], [112201.46, 0.0001]], "asks": [[112201.73, 7.5436], [112201.75, 0.02], [112201.8, 0.02]]}, {"timestamp": 1757064423552, "bids": [[112200.0, 2.3272], [112199.99, 0.0006], [112199.91, 5e-05]], "asks": [[112200.01, 14.89777], [112200.02, 2.40271], [112201.7, 8e-05]]}, {"timestamp": 1757064423830, "bids": [[112200.0, 2.3352], [112199.99, 0.0007], [112199.73, 0.0005]], "asks": [[112200.01, 14.33878], [112200.02, 1.89968], [112201.67, 8e-05]]}, {"timestamp": 1757064424797, "bids": [[112200.0, 3.89368], [112199.99, 0.0008], [112199.89, 0.00264]], "asks": [[112200.01, 12.53882], [112200.02, 1.05501], [112200.15, 0.04114]]}, {"timestamp": 1757064426948, "bids": [[112210.57, 7.66319], [112210.0, 0.20344], [112209.99, 0.00025]], "asks": [[112210.58, 1.76256], [112210.59, 0.00065], [112210.84, 0.39667]]}, {"timestamp": 1757064427684, "bids": [[112210.57, 7.59989], [112210.01, 0.0001], [112210.0, 0.0112]], "asks": [[112210.58, 3.05886], [112210.59, 0.0007], [112210.77, 0.0001]]}, {"timestamp": 1757064436840, "bids": [[112207.12, 0.70975], [112207.11, 0.00055], [112206.56, 5e-05]], "asks": [[112207.13, 15.43469], [112207.99, 1.9261], [112208.0, 0.01115]]}, {"timestamp": 1757064437707, "bids": [[112201.72, 0.96394], [112201.71, 0.0006], [112200.31, 5e-05]], "asks": [[112201.73, 12.99524], [112202.0, 0.0111], [112202.86, 0.03977]]}, {"timestamp": 1757064438313, "bids": [[112198.34, 0.05445], [112198.33, 0.00065], [112198.26, 0.00154]], "asks": [[112198.35, 18.0184], [112199.39, 0.01774], [112199.89, 0.29327]]}, {"timestamp": 1757064439591, "bids": [[112190.48, 1.06793], [112190.47, 0.00081], [112190.43, 5e-05]], "asks": [[112190.49, 9.54407], [112190.51, 0.8551], [112190.68, 0.05784]]}, {"timestamp": 1757064451271, "bids": [[112198.23, 10.2348], [112198.22, 0.0006], [112198.01, 0.0001]], "asks": [[112198.24, 1.83229], [112198.25, 0.0006], [112198.32, 0.0001]]}, {"timestamp": 1757064454095, "bids": [[112201.58, 9.26714], [112201.35, 6.26026], [112200.83, 0.0001]], "asks": [[112201.59, 0.00332], [112201.6, 0.0006], [112201.62, 5e-05]]}, {"timestamp": 1757064454375, "bids": [[112207.01, 10.34251], [112206.36, 0.0001], [112205.44, 0.0001]], "asks": [[112207.02, 1.69658], [112207.03, 0.0005], [112207.09, 0.00045]]}, {"timestamp": 1757064464217, "bids": [[112209.99, 12.69426], [112209.94, 0.08014], [112209.51, 0.0002]], "asks": [[112210.0, 0.39098], [112210.01, 0.0005], [112210.55, 0.0001]]}, {"timestamp": 1757064464501, "bids": [[112226.22, 10.17534], [112226.01, 0.0001], [112226.0, 0.01115]], "asks": [[112226.23, 2.34184], [112226.24, 0.0006], [112226.35, 0.41033]]}, {"timestamp": 1757064466843, "bids": [[112226.22, 10.73682], [112226.21, 0.00891], [112226.01, 0.0001]], "asks": [[112226.23, 1.12318], [112226.24, 0.0006], [112226.7, 0.0001]]}, {"timestamp": 1757064467704, "bids": [[112229.99, 14.69288], [112229.73, 0.0001], [112229.59, 0.0001]], "asks": [[112230.0, 0.00548], [112230.01, 0.0006], [112230.37, 0.0001]]}, {"timestamp": 1757064467980, "bids": [[112237.45, 8.1021], [112237.1, 0.0001], [112236.01, 0.0001]], "asks": [[112237.46, 3.12048], [112237.47, 0.0006], [112237.9, 0.0001]]}, {"timestamp": 1757064469396, "bids": [[112239.85, 2.15156], [112239.84, 0.29145], [112238.9, 0.29145]], "asks": [[112239.86, 0.00025], [112239.88, 5e-05], [112239.99, 0.0001]]}, {"timestamp": 1757064469679, "bids": [[112248.89, 9.04908], [112248.59, 0.0001], [112248.01, 0.0001]], "asks": [[112248.9, 1.67712], [112248.91, 0.04529], [112249.22, 0.0001]]}, {"timestamp": 1757064475787, "bids": [[112240.0, 0.85761], [112239.99, 0.0004], [112239.65, 0.0001]], "asks": [[112240.01, 15.43534], [112240.02, 5e-05], [112240.04, 5e-05]]}, {"timestamp": 1757064483149, "bids": [[112245.62, 2.86393], [112245.61, 0.20361], [112245.12, 0.20361]], "asks": [[112245.63, 0.0002], [112245.94, 5e-05], [112245.99, 0.0001]]}, {"timestamp": 1757064483434, "bids": [[112248.89, 10.1148], [112248.88, 0.0005], [112248.85, 0.02]], "asks": [[112248.9, 2.67632], [112248.91, 0.04509], [112249.29, 0.0001]]}, {"timestamp": 1757064484567, "bids": [[112261.14, 11.3147], [112261.11, 0.0001], [112261.1, 0.02025]], "asks": [[112261.15, 1.21043], [112261.16, 0.0004], [112261.42, 0.0001]]}, {"timestamp": 1757064484863, "bids": [[112268.39, 10.54426], [112268.19, 0.0001], [112268.1, 0.46064]], "asks": [[112268.4, 0.39657], [112268.41, 0.0005], [112268.69, 0.0001]]}, {"timestamp": 1757064485157, "bids": [[112278.11, 12.0529], [112278.01, 0.0001], [112278.0, 0.01115]], "asks": [[112278.12, 1.41542], [112278.13, 0.0004], [112278.29, 0.0001]]}, {"timestamp": 1757064489376, "bids": [[112261.61, 1.26838], [112261.6, 0.0005], [112261.36, 0.0001]], "asks": [[112261.62, 12.11542], [112261.96, 0.0001], [112262.0, 0.0109]]}, {"timestamp": 1757064489956, "bids": [[112250.44, 0.76921], [112250.43, 0.0004], [112250.4, 5e-05]], "asks": [[112250.45, 12.78008], [112250.94, 0.0001], [112251.13, 0.6658]]}, {"timestamp": 1757064490234, "bids": [[112246.18, 0.90063], [112246.17, 0.0006], [112245.78, 5e-05]], "asks": [[112246.19, 11.45585], [112248.0, 0.0109], [112248.34, 0.32068]]}, {"timestamp": 1757064492502, "bids": [[112240.47, 0.73231], [112240.46, 0.0006], [112240.3, 0.00045]], "asks": [[112240.48, 11.624], [112240.49, 9.78531], [112240.54, 0.00322]]}, {"timestamp": 1757064493922, "bids": [[112234.64, 0.78429], [112233.89, 0.00022], [112233.6, 0.00151]], "asks": [[112234.65, 8.62273], [112234.66, 1.52086], [112234.71, 1.12086]]}, {"timestamp": 1757064494199, "bids": [[112234.64, 0.67952], [112234.63, 0.00035], [112234.09, 0.0001]], "asks": [[112234.65, 12.02055], [112235.25, 0.0001], [112236.0, 0.01115]]}, {"timestamp": 1757064498478, "bids": [[112234.64, 3.34424], [112234.63, 0.00055], [112234.52, 0.0001]], "asks": [[112234.65, 7.42649], [112234.66, 0.00508], [112234.71, 0.04735]]}, {"timestamp": 1757064514594, "bids": [[112225.32, 0.65392], [112225.31, 0.0005], [112225.17, 0.00015]], "asks": [[112225.33, 12.12182], [112225.37, 0.06425], [112225.38, 5.93212]]}, {"timestamp": 1757064514875, "bids": [[112225.32, 0.60534], [112225.31, 0.0007], [112225.17, 5e-05]], "asks": [[112225.33, 12.25985], [112225.34, 0.00025], [112225.37, 0.0645]]}, {"timestamp": 1757064516300, "bids": [[112219.77, 0.60353], [112219.76, 0.0546], [112219.56, 5e-05]], "asks": [[112219.78, 10.51121], [112219.95, 0.0001], [112219.96, 0.29423]]}, {"timestamp": 1757064520620, "bids": [[112216.29, 0.74953], [112216.28, 0.0006], [112215.61, 5e-05]], "asks": [[112216.3, 15.48689], [112216.31, 5e-05], [112217.14, 0.0001]]}, {"timestamp": 1757064520907, "bids": [[112215.01, 0.05685], [112215.0, 0.0006], [112213.51, 5e-05]], "asks": [[112215.02, 14.11507], [112215.03, 0.855], [112215.49, 0.04015]]}, {"timestamp": 1757064527727, "bids": [[112215.01, 5.19374], [112215.0, 0.00664], [112213.79, 0.0001]], "asks": [[112215.02, 1.56376], [112215.03, 0.00376], [112215.49, 0.00211]]}, {"timestamp": 1757064536108, "bids": [[112216.29, 12.22825], [112216.28, 1.90651], [112215.83, 0.0001]], "asks": [[112216.3, 1.19617], [112216.31, 0.0005], [112217.14, 0.0001]]}, {"timestamp": 1757064540349, "bids": [[112219.77, 11.21284], [112218.27, 0.0001], [112218.26, 0.14015]], "asks": [[112219.78, 1.16281], [112219.79, 0.0004], [112220.78, 5e-05]]}, {"timestamp": 1757064540923, "bids": [[112219.77, 11.19388], [112219.07, 0.0001], [112218.27, 0.0001]], "asks": [[112219.78, 1.16404], [112219.79, 0.00045], [112220.57, 0.0001]]}, {"timestamp": 1757064556753, "bids": [[112215.01, 0.80921], [112215.0, 0.06791], [112214.73, 0.0001]], "asks": [[112215.02, 15.91642], [112215.88, 0.0001], [112216.0, 0.0111]]}, {"timestamp": 1757064564369, "bids": [[112203.78, 0.69135], [112203.77, 0.0006], [112202.94, 5e-05]], "asks": [[112203.79, 17.11515], [112204.0, 0.0111], [112204.39, 0.37074]]}, {"timestamp": 1757064576997, "bids": [[112200.0, 0.77995], [112199.99, 0.00055], [112199.34, 5e-05]], "asks": [[112200.01, 10.61023], [112200.02, 0.0003], [112200.19, 0.18516]]}, {"timestamp": 1757064595610, "bids": [[112209.43, 11.59759], [112209.42, 7.46921], [112208.92, 5e-05]], "asks": [[112209.44, 0.02633], [112209.45, 0.00025], [112209.5, 0.0001]]}, {"timestamp": 1757064595888, "bids": [[112215.91, 11.27133], [112215.9, 0.02025], [112215.86, 0.0001]], "asks": [[112215.92, 1.38123], [112215.93, 0.0004], [112216.0, 5e-05]]}, {"timestamp": 1757064603713, "bids": [[112218.74, 19.58241], [112218.04, 0.0001], [112216.78, 0.00086]], "asks": [[112218.75, 1.13828], [112218.76, 0.0004], [112219.54, 0.0001]]}, {"timestamp": 1757064611364, "bids": [[112231.33, 10.52727], [112230.68, 0.0001], [112229.39, 0.06903]], "asks": [[112231.34, 0.476], [112231.35, 0.0005], [112231.49, 5e-05]]}, {"timestamp": 1757064611661, "bids": [[112232.08, 12.97898], [112232.07, 0.0003], [112231.48, 0.0001]], "asks": [[112232.09, 1.12714], [112232.1, 0.0005], [112232.69, 0.0001]]}, {"timestamp": 1757064618292, "bids": [[112227.76, 0.03591], [112227.75, 0.00065], [112227.11, 0.0001]], "asks": [[112227.77, 18.7703], [112227.78, 0.10025], [112228.0, 0.0111]]}, {"timestamp": 1757064621375, "bids": [[112200.98, 0.48346], [112200.97, 0.0007], [112200.01, 0.0001]], "asks": [[112200.99, 17.6393], [112201.88, 0.0001], [112202.0, 0.01115]]}, {"timestamp": 1757064623675, "bids": [[112191.92, 0.71499], [112191.91, 0.0007], [112191.47, 5e-05]], "asks": [[112191.93, 10.82001], [112191.95, 0.17675], [112191.96, 0.23075]]}, {"timestamp": 1757064634394, "bids": [[112191.92, 3.81369], [112191.91, 0.0006], [112191.55, 0.42806]], "asks": [[112191.93, 7.96621], [112191.99, 0.0001], [112192.0, 0.0111]]}, {"timestamp": 1757064634680, "bids": [[112191.92, 4.03153], [112191.91, 0.00065], [112191.56, 0.0001]], "asks": [[112191.93, 7.5452], [112191.94, 5e-05], [112191.99, 0.0001]]}, {"timestamp": 1757064635235, "bids": [[112188.0, 0.19065], [112187.99, 0.0005], [112187.84, 0.00213]], "asks": [[112188.01, 14.92092], [112188.78, 5e-05], [112190.0, 4.14089]]}, {"timestamp": 1757064635518, "bids": [[112178.91, 1.23433], [112178.9, 0.0005], [112178.84, 5e-05]], "asks": [[112178.92, 16.03859], [112179.03, 0.01812], [112179.98, 0.01362]]}, {"timestamp": 1757064642147, "bids": [[112156.89, 1.22822], [112156.88, 0.0005], [112155.64, 0.0001]], "asks": [[112156.9, 10.80589], [112157.28, 0.46034], [112157.29, 0.0002]]}, {"timestamp": 1757064642427, "bids": [[112156.89, 0.99187], [112156.88, 0.00065], [112155.65, 0.0001]], "asks": [[112156.9, 11.58889], [112157.28, 0.46054], [112157.37, 1.31677]]}, {"timestamp": 1757064642704, "bids": [[112155.03, 0.36342], [112155.02, 0.0006], [112150.84, 0.0001]], "asks": [[112155.04, 17.51549], [112155.63, 0.2942], [112155.64, 3.74839]]}, {"timestamp": 1757064643285, "bids": [[112155.03, 0.46864], [112155.02, 0.00065], [112149.9, 0.0017]], "asks": [[112155.04, 17.93914], [112155.05, 0.02025], [112155.1, 0.0202]]}, {"timestamp": 1757064649500, "bids": [[112160.37, 9.341], [112160.21, 0.0001], [112160.0, 0.05751]], "asks": [[112160.38, 0.36252], [112160.39, 0.0004], [112160.74, 0.0001]]}, {"timestamp": 1757064649790, "bids": [[112173.53, 11.16287], [112171.07, 0.0001], [112171.06, 1.2182]], "asks": [[112173.54, 0.81351], [112173.55, 0.0005], [112173.73, 0.00315]]}, {"timestamp": 1757064650815, "bids": [[112173.53, 2.80412], [112172.78, 0.0001], [112171.08, 0.0001]], "asks": [[112173.54, 5.86155], [112173.55, 0.00873], [112173.98, 0.0001]]}, {"timestamp": 1757064653366, "bids": [[112178.23, 8.23217], [112178.22, 0.0003], [112177.58, 0.0001]], "asks": [[112178.24, 0.997], [112178.25, 0.0005], [112178.46, 5e-05]]}, {"timestamp": 1757064655387, "bids": [[112180.99, 12.02564], [112180.39, 0.0001], [112180.0, 0.0001]], "asks": [[112181.0, 1.21555], [112181.01, 0.0004], [112181.1, 0.00186]]}, {"timestamp": 1757064659714, "bids": [[112180.99, 12.04542], [112180.98, 5e-05], [112180.39, 0.0001]], "asks": [[112181.0, 1.03257], [112181.01, 0.0004], [112181.09, 0.29413]]}, {"timestamp": 1757064660001, "bids": [[112180.99, 7.95731], [112180.98, 0.0001], [112180.46, 0.0001]], "asks": [[112181.0, 5.69945], [112181.01, 0.00045], [112181.08, 0.0001]]}, {"timestamp": 1757064671007, "bids": [[112183.76, 9.7514], [112183.75, 2.95744], [112183.73, 0.03643]], "asks": [[112183.77, 0.03375], [112183.78, 0.00055], [112183.99, 0.0001]]}, {"timestamp": 1757064671286, "bids": [[112191.4, 10.2491], [112191.39, 5e-05], [112191.12, 0.0001]], "asks": [[112191.41, 0.78833], [112191.42, 0.00055], [112191.93, 0.00274]]}, {"timestamp": 1757064671568, "bids": [[112195.97, 8.37704], [112195.52, 0.0001], [112194.39, 5e-05]], "asks": [[112195.98, 1.08643], [112195.99, 0.00025], [112196.08, 5e-05]]}, {"timestamp": 1757064672404, "bids": [[112209.22, 12.74784], [112208.92, 5e-05], [112208.87, 0.0001]], "asks": [[112209.23, 0.58342], [112209.24, 0.00035], [112209.25, 7e-05]]}, {"timestamp": 1757064672683, "bids": [[112215.0, 7.85037], [112214.95, 0.0001], [112214.94, 0.04047]], "asks": [[112215.01, 1.07011], [112215.02, 0.00035], [112215.4, 0.0001]]}, {"timestamp": 1757064673807, "bids": [[112215.01, 11.29136], [112215.0, 0.88965], [112214.94, 0.0001]], "asks": [[112215.02, 0.76417], [112215.03, 0.0005], [112215.32, 0.0001]]}, {"timestamp": 1757064676053, "bids": [[112226.18, 7.29425], [112225.93, 0.0001], [112225.9, 0.0001]], "asks": [[112226.19, 4.13703], [112226.2, 0.53553], [112226.23, 0.87316]]}, {"timestamp": 1757064676330, "bids": [[112226.18, 7.223], [112226.17, 0.00035], [112225.93, 0.0001]], "asks": [[112226.19, 4.43115], [112226.2, 0.53558], [112226.22, 0.0001]]}, {"timestamp": 1757064696271, "bids": [[112217.1, 0.04309], [112217.09, 0.0005], [112216.8, 0.0001]], "asks": [[112217.11, 15.57065], [112217.17, 0.04188], [112217.4, 5.51007]]}, {"timestamp": 1757064697703, "bids": [[112208.48, 0.04319], [112208.47, 0.0006], [112208.08, 0.0001]], "asks": [[112208.49, 10.26977], [112208.55, 0.03364], [112208.89, 0.46044]]}, {"timestamp": 1757064698549, "bids": [[112200.68, 0.78685], [112200.67, 0.0005], [112200.65, 0.00143]], "asks": [[112200.69, 9.47801], [112201.23, 0.0001], [112201.82, 0.03936]]}, {"timestamp": 1757064699992, "bids": [[112194.03, 0.16147], [112194.02, 0.0006], [112193.94, 0.0001]], "asks": [[112194.04, 13.58554], [112194.68, 0.0001], [112196.0, 0.0109]]}, {"timestamp": 1757064702000, "bids": [[112192.61, 0.04822], [112192.6, 0.0006], [112192.41, 5e-05]], "asks": [[112192.62, 14.26936], [112192.63, 0.44493], [112193.31, 0.0001]]}, {"timestamp": 1757064706005, "bids": [[112187.4, 0.20988], [112187.39, 0.0006], [112186.75, 0.0001]], "asks": [[112187.41, 13.77813], [112187.69, 2.61272], [112187.7, 0.10015]]}, {"timestamp": 1757064707451, "bids": [[112182.01, 2.34741], [112182.0, 0.0005], [112181.62, 5e-05]], "asks": [[112182.02, 15.2945], [112182.81, 0.0001], [112183.15, 0.04057]]}, {"timestamp": 1757064711150, "bids": [[112182.01, 3.3516], [112182.0, 0.0006], [112181.49, 0.0001]], "asks": [[112182.02, 13.49391], [112182.03, 0.00045], [112182.74, 0.0001]]}, {"timestamp": 1757064715384, "bids": [[112190.42, 7.42555], [112190.34, 0.0001], [112190.33, 0.90196]], "asks": [[112190.43, 1.04636], [112190.44, 0.0004], [112191.08, 0.0001]]}, {"timestamp": 1757064715938, "bids": [[112192.6, 7.03525], [112192.0, 0.0001], [112190.45, 1.60556]], "asks": [[112192.61, 1.10266], [112192.62, 0.00035], [112193.3, 0.0001]]}, {"timestamp": 1757064724418, "bids": [[112192.6, 4.49569], [112192.59, 0.0004], [112192.45, 0.0001]], "asks": [[112192.61, 1.66206], [112192.66, 0.0001], [112192.67, 0.01956]]}, {"timestamp": 1757064724996, "bids": [[112192.6, 4.58736], [112192.45, 0.0001], [112192.44, 0.29431]], "asks": [[112192.61, 0.21273], [112192.62, 0.00015], [112192.66, 0.0001]]}, {"timestamp": 1757064727481, "bids": [[112203.99, 6.78308], [112203.44, 0.0001], [112203.3, 5e-05]], "asks": [[112204.0, 1.12681], [112204.01, 0.0005], [112204.55, 0.0001]]}, {"timestamp": 1757064734309, "bids": [[112207.08, 11.58264], [112206.58, 0.0001], [112206.0, 0.0109]], "asks": [[112207.09, 0.50945], [112207.1, 0.0005], [112207.16, 5e-05]]}, {"timestamp": 1757064755643, "bids": [[112216.8, 7.44656], [112216.59, 0.64946], [112216.58, 0.0002]], "asks": [[112216.81, 0.64645], [112216.82, 0.00045], [112217.04, 0.0001]]}, {"timestamp": 1757064755921, "bids": [[112216.8, 7.13363], [112216.79, 0.0004], [112216.78, 0.0321]], "asks": [[112216.81, 1.22292], [112216.82, 0.0001], [112217.11, 0.00269]]}, {"timestamp": 1757064776394, "bids": [[112216.79, 0.09178], [112216.78, 0.03267], [112216.34, 0.0001]], "asks": [[112216.8, 16.40607], [112216.81, 2.18008], [112216.82, 0.0001]]}